2552 4228
484 306 525 348 nn
549 306 728 350 assurum.
1035 295 1073 354 37

130 466 254 518 castum
282 473 404 529 nemus,
427 451 623 536 dicatumque
652 454 684 518 in
713 476 750 516 eo
779 453 966 534 vehiculum,
989 469 1073 522 veste

130 567 330 618 contectum·
364 554 513 638 attingere
541 556 595 618 uni
624 555 774 620 sacerdoti
803 578 997 622 concessum.
1041 559 1074 622 Is

130 656 243 719 adesse
278 654 427 737 penetrali
454 655 545 719 deam
572 657 723 740 intelligit,
753 671 935 742 vectamque
971 660 1074 724 bubus

129 757 260 820 feminis·
285 757 383 820 multa
411 779 485 820 cum
513 759 707 822 veneratione
734 761 939 844 prosequitur.
984 760 1072 826 Laeti

129 871 205 922 tunc
241 858 318 935 dies,
354 857 435 922 festa
468 859 546 936 loca,
584 881 798 946 quaecumque
834 861 968 926 adventu
1003 863 1094 960 hos,

129 961 270 1045 pitioque
301 959 453 1044 dignatur.
510 959 583 1024 Non
618 961 699 1026 bella
748 964 863 1040 ineunt,
892 986 954 1028 non
988 987 1073 1028 anna

129 1073 278 1140 sumunt3
301 1060 444 1126 clausum
466 1083 563 1140 omne
584 1062 719 1127 ferrum:
742 1085 803 1146 pax
830 1077 862 1128 et
882 1066 971 1150 quies
999 1079 1073 1130 tunc

129 1175 249 1226 tantum
263 1175 345 1240 nota,
361 1176 435 1227 tnnc
455 1175 574 1228 tantum
594 1177 704 1242 amata,
720 1165 818 1229 donec
833 1166 916 1230 idem
931 1168 1073 1232 sacerdos
1180 1183 1184 1194 ·

129 1265 273 1327 satiatam
287 1265 516 1329 conversatione
534 1265 710 1330 mortalium
724 1265 815 1330 deam
829 1268 944 1349 templo
957 1269 1072 1334 reddat.

129 1363 208 1428 Mox
221 1364 399 1429 vehiculum
422 1379 453 1430 et
473 1378 588 1443 restes,
605 1379 644 1442 et,
660 1367 686 1430 si
709 1367 833 1431 credere
854 1368 943 1446 velis,
958 1391 1073 1434 numen

128 1466 234 1546 ipsum
256 1479 375 1530 secreto
396 1466 468 1530 laen
493 1467 635 1533 abluitur.
681 1467 770 1532 Servi
790 1469 972 1547 ministrant,
995 1493 1072 1556 quos

128 1567 234 1632 statim
248 1566 332 1632 idem
353 1567 440 1632 lacus
462 1567 584 1648 haurit;
607 1591 737 1634 arcanus
759 1569 831 1635 hinc
845 1583 940 1636 terror
954 1586 1072 1637 sancta·

127 1691 190 1754 que
218 1671 400 1756 ignorantia,
430 1670 503 1756 quid
526 1673 566 1736 sit
588 1671 675 1748 illud,
697 1672 781 1758 quod
807 1685 927 1738 tantum
946 1676 1072 1757 perituri

127 1768 244 1835 rident.

169 1870 253 1936 XLI.
276 1871 321 1938 Et
335 1873 412 1938 haec
427 1874 554 1958 quidem
575 1897 646 1960 pars
669 1874 844 1938 Suevorum
858 1877 888 1940 in
909 1879 1072 1941 secretiora

129 1974 316 2040 Germaniae
337 1977 512 2062 porrigitur.
555 1975 694 2062 Propior,
717 1987 753 2040 ut
773 1998 835 2060 quo
863 1977 955 2042 modo
979 1978 1072 2063 paulo

127 2088 197 2139 ante
221 2075 381 2153 Rhenum,
397 2078 443 2140 sic
464 2099 546 2140 nunc
568 2075 891 2162 Danubiumsequar,
915 2076 1071 2142 Hermun-

127 2176 277 2242 durorum
312 2177 430 2254 civitas,
459 2177 521 2241 fida
556 2177 716 2257 Romania,
754 2199 853 2263 eoque
889 2179 963 2244 solis
994 2178 1071 2242 Ger-

18 2281 21 2286 ’
127 2301 292 2342 manorum
326 2301 388 2342 non
415 2280 449 2342 in
482 2281 550 2364 ripa
585 2282 815 2358 commercium,
846 2281 902 2345 sed
936 2282 1070 2367 penitus,
1124 2295 1126 2302 '

128 2393 220 2467 atque
242 2382 276 2445 in
298 2380 545 2463 splendidissima
567 2381 718 2447 Rhaetiae
745 2384 919 2466 provinciae
941 2383 1070 2448 colonia.

128 2483 254 2548 Passim
283 2495 315 2548 et
342 2485 408 2546 sine
431 2484 558 2548 custode
586 2497 764 2549 transeunt:
796 2498 836 2562 et,
859 2508 932 2550 cum
960 2487 1070 2550 ceteris

128 2587 273 2670 gentibus
295 2607 380 2650 arma
393 2586 485 2650 modo
500 2598 660 2672 castraque
675 2599 778 2651 nostra
799 2589 1006 2664 ostendamus,
1023 2587 1070 2650 his

129 2688 236 2752 domos
265 2687 418 2774 villasque
445 2688 649 2769 patefecimus
677 2710 739 2751 non
770 2689 1070 2770 concupiscentibus.

129 2789 165 2853 ln
194 2789 425 2854 Hermunduris
452 2790 542 2854 Albis
579 2792 683 2868 oritur,
713 2790 828 2854 flumen
865 2790 1004 2853 inclitum
1040 2803 1071 2852 ot

130 2904 235 2958 notum
250 2892 346 2970 olim3
369 2913 452 2956 nunc
466 2904 584 2956 tantum
599 2892 731 2956 auditur.

169 2988 267 3054 XLII.
290 2993 385 3058 Juxta
399 2993 636 3058 Hermunduros
662 2994 797 3071 Narisci,
813 3017 849 3060 ac
863 2995 973 3060 deinde
989 2993 1071 3059 Mar·

131 3096 272 3160 comanni
287 3107 318 3160 et
333 3094 436 3170 Quadi
451 3108 556 3180 agunt.
596 3096 769 3180 Praecipua
784 3096 1072 3163 Marcomannorum

131 3197 225 3280 gloria
246 3198 401 3280 viresque,
425 3211 516 3282 atque
538 3199 606 3279 ipsa
635 3201 728 3264 etiam
750 3199 851 3276 sedes,
873 3201 971 3281 pulsis
999 3199 1070 3262 olim

132 3297 226 3376 Boiis,
250 3300 362 3362 virtute
390 3312 486 3381 parta.
530 3299 600 3364 Nec
622 3283 761 3365 Narisci
777 3300 918 3374 Quadive
940 3298 1073 3382 degene·

133 3416 204 3464 rant.
249 3400 361 3484 anue
392 3400 577 3465 Germaniae
605 3403 691 3466 reiut
718 3402 801 3464 frons
836 3414 892 3477 est,
922 3412 1072 3484 quatenus

17 3576 25 3583 .
135 3499 275 3566 Danubio
308 3504 477 3588 peragitur.
521 3503 748 3567 Marcomannis
771 3502 952 3586 Quadisque
974 3525 1072 3586 usque

134 3603 169 3666 ad
196 3617 335 3668 nostram
370 3606 551 3668 memoriam
586 3627 676 3690 reges
712 3619 890 3670 manserunt
917 3627 956 3667 ex
983 3620 1073 3688 gente

144 3724 279 3782 psoium,
307 3707 407 3769 nobile
432 3707 615 3770 Marobodui
637 3722 668 3772 et
690 3707 789 3772 Tudri
817 3729 938 3792 genus:
959 3708 1022 3784 jam
1045 3722 1072 3768 et
