2526 4222
206 283 245 344 48
531 299 561 341 c.
585 295 681 340 conn.
706 295 817 338 ricini

202 451 279 513 tium
302 447 523 529 exemplorum.
567 446 631 511 Sed
652 446 752 532 primo
770 445 902 510 Cerialis
924 446 1049 512 labores
1061 447 1154 512 modo

202 562 234 615 et
255 550 440 625 discrimina,
463 571 536 612 mox
558 561 589 612 et
609 548 738 632 gloriam
763 549 1031 612 communicabat:
1056 571 1153 632 saepe

201 653 278 734 parti
297 651 450 715 exercitus
472 652 504 714 in
526 641 779 732 erperimentum,
796 649 961 733 aliquando
982 649 1152 734 majoribus

202 755 300 838 copiis
322 775 362 816 ex
383 765 494 817 eventu
520 751 687 838 praefecit:
710 773 769 814 nec
791 751 937 835 Agricola
958 773 1095 835 unquam
1120 755 1152 818 in

203 877 292 919 suam
305 854 420 920 famam
434 856 531 940 gestis
546 854 729 931 exsultavit;
753 851 792 916 ad
806 865 965 916 auctorem
980 866 1012 918 et
1023 853 1149 930 ducem,

204 970 237 1022 ut
258 958 407 1034 minister,
431 956 585 1020 fortunam
607 955 780 1020 referebat:
804 956 846 1018 ita
867 955 980 1018 virtute
1004 957 1036 1018 in
1061 957 1151 1028 obse-

204 1058 334 1144 quendo,
363 1058 548 1123 verecundia
576 1059 608 1122 in
635 1058 849 1140 praedicando,
879 1069 965 1120 extra
990 1057 1149 1134 invidiam,

124 1191 125 1196 ¹
205 1183 261 1225 nec
276 1174 360 1226 extra
373 1161 502 1246 gloriam
520 1173 593 1225 erat.

245 1263 305 1328 IX.
329 1263 549 1328 Revertentem
570 1263 608 1325 ab
630 1261 784 1347 legatione
806 1261 936 1346 legionis
958 1261 1050 1326 divus
1070 1261 1150 1326 Ves-

205 1366 349 1450 pasianus
371 1368 450 1430 inter
471 1366 614 1450 patricios
635 1365 753 1441 ascivit,
777 1385 815 1427 ac
835 1363 946 1428 deinde
972 1365 1150 1450 provinciae

206 1468 387 1550 Aquitaniae
408 1467 594 1547 praeposuit,
611 1465 789 1548 splendidae
810 1465 970 1546 inprimis
993 1464 1150 1550 dignitatis

204 1567 462 1630 administratione
499 1587 536 1629 ac
573 1589 629 1653 spe
666 1567 854 1644 consulatue,
883 1567 936 1630 cui
972 1566 1150 1631 destinarat

205 1666 345 1731 Credunt
378 1666 517 1752 plerique
554 1669 737 1734 militaribus
774 1669 905 1753 ingeniis
948 1669 1152 1734 subtilitatem

183 1769 323 1846 deesse,
346 1771 420 1854 quia
441 1772 606 1834 castrensis
630 1770 804 1855 jurisdictio
830 1791 939 1834 secura
960 1781 992 1834 et
1014 1772 1152 1835 obtusior

205 1893 240 1935 ac
262 1871 351 1960 plura
371 1895 466 1937 manu
488 1893 583 1958 agens
609 1872 808 1936 calliditatem
827 1872 886 1937 fori
908 1893 970 1936 non
998 1885 1151 1937 exerceat.

206 1975 349 2059 Agricola
377 1976 507 2039 naturali
534 1974 705 2057 prudentia,
735 1975 876 2058 quamvis
905 1975 985 2038 inter
1019 1985 1150 2059 togatos,

200 2077 293 2140 ¹facile
319 2079 463 2161 justeque
492 2077 613 2161 agebat.
656 2075 728 2140 Jam
749 2097 822 2140 vero
843 2088 982 2160 tempora
1006 2099 1151 2141 curarum

204 2180 483 2261 remissionumque
497 2178 615 2246 divisa:
639 2177 693 2243 ubi
708 2190 877 2242 conventus
892 2200 929 2241 ac
945 2177 1065 2263 judicia
1078 2201 1150 2264 pos-

204 2292 317 2356 cerent,
346 2281 458 2362 gravis,
488 2282 632 2358 intentus,
665 2302 802 2358 severus,
826 2294 857 2344 et
879 2282 1004 2365 saepius
1030 2282 1150 2344 miseri-

204 2402 298 2458 cors;
335 2381 390 2444 ubi
426 2381 529 2445 officio
565 2382 766 2460 satisfactum,
796 2383 881 2446 nulla
908 2383 988 2446 ultra
1015 2395 1149 2464 potesta-

204 2483 242 2546 tis
271 2504 423 2564 persona:
461 2484 615 2548 tristitiam
644 2496 675 2546 et
702 2486 903 2568 arrogantiam
932 2492 962 2546 et
990 2487 1149 2548 avaritiam

205 2596 348 2648 exuerat:
378 2585 514 2664 necilli,
537 2586 620 2672 quod
642 2599 689 2650 est
717 2587 918 2662 rarissimum,
942 2597 995 2648 aut
1016 2586 1148 2649 facilitas

205 2691 417 2753 auctoritatem
431 2702 485 2753 aut
502 2691 649 2754 severitas
664 2711 801 2752 amorem
814 2687 974 2751 deminuit.
1019 2687 1148 2772 Integri-

205 2805 299 2855 tatem
320 2804 412 2875 atque
435 2793 650 2856 abstinentiam
671 2793 704 2855 in
725 2803 809 2855 tauto
822 2792 887 2854 viro
900 2789 1023 2868 referre,
1040 2790 1149 2874 injuria

204 2894 351 2957 virtutum
365 2894 467 2956 fuerit.
512 2893 563 2956 Ne
578 2894 693 2956 samam
708 2894 843 2976 quidem,
860 2893 912 2956 cui
938 2892 1031 2955 etiam
1056 2913 1148 2972 saepe

204 2993 277 3064 boni
312 2994 480 3076 indulgent,
511 2993 691 3057 ostentanda
725 2997 846 3072 virtute,
876 3006 929 3058 aut
961 3013 1017 3076 per
1052 3007 1148 3058 artem

206 3095 374 3178 quaesivit:
401 3093 508 3176 procul
533 3095 572 3158 ab
595 3096 798 3160 aemulatione
828 3095 974 3160 adversus
1001 3093 1147 3180 collegas,

206 3198 312 3284 procul
326 3217 344 3260 a
359 3197 550 3260 contentione
574 3197 720 3262 adversus
743 3209 964 3280 procuratores,
980 3199 1149 3261 etvincere

219 3302 378 3385 oglerium,
409 3313 440 3364 et
468 3302 556 3364 atteri
585 3300 742 3364 sordidum
778 3300 988 3364 arbitrabatur.
1042 3299 1149 3362 Minus

206 3405 369 3466 triennium
384 3403 414 3466 in
430 3425 468 3466 ea
488 3403 804 3488 legationedetentus
827 3424 863 3465 ac
886 3403 988 3466 statim
1003 3400 1042 3463 ad
1061 3423 1148 3486 spem
1241 3449 1245 3454 -

205 3504 382 3567 consulatus
411 3520 573 3569 revocatus
597 3517 653 3582 est,
677 3506 841 3568 comitante
864 3505 1005 3585 opinione
1029 3501 1150 3566 Britan-

206 3605 288 3666 niam
303 3606 332 3666 ei
346 3605 533 3684 provinciam
549 3607 614 3669 dari
636 3607 728 3668 nullis
744 3607 775 3668 in
790 3605 849 3668 hoc
864 3604 1138 3668 suissermonibua

207 3705 261 3769 sed
287 3706 359 3787 quia
386 3725 442 3783 par
466 3705 635 3766 videbatur.
681 3705 776 3767 Haud
806 3727 929 3787 semper
954 3718 1032 3767 errat
1058 3705 1148 3786 firma,
