<?xml version="1.0" encoding="UTF-8"?>
<!DOCTYPE html PUBLIC "-//W3C//DTD XHTML 1.0 Transitional//EN"
    "http://www.w3.org/TR/xhtml1/DTD/xhtml1-transitional.dtd">
<html xmlns="http://www.w3.org/1999/xhtml" xml:lang="en" lang="en">
 <head>
  <title>
</title>
<meta http-equiv="Content-Type" content="text/html;charset=utf-8" />
  <meta name='ocr-system' content='tesseract 3.04.00' />
  <meta name='ocr-capabilities' content='ocr_page ocr_carea ocr_par ocr_line ocrx_word'/>
</head>
<body>
  <div class='ocr_page' id='page_1' title='image "./germaniaandagri00tylegoog/germaniaandagri00tylegoog_0057.png"; bbox 0 0 2552 4228; ppageno 0'>
   <div class='ocr_carea' id='block_1_1' title="bbox 210 282 835 342">
    <p class='ocr_par' dir='ltr' id='par_1_1' title="bbox 210 282 835 342">
     <span class='ocr_line' id='line_1_1' title="bbox 210 282 835 342; baseline 0 -2"><span class='ocrx_word' id='word_1_1' title='bbox 210 282 253 340; x_wconf 76' lang='lat'>32</span> <span class='ocrx_word' id='word_1_2' title='bbox 527 299 557 340; x_wconf 93' lang='lat' dir='ltr'>c.</span> <span class='ocrx_word' id='word_1_3' title='bbox 580 297 677 342; x_wconf 76' lang='lat' dir='ltr'>cortu.</span> <span class='ocrx_word' id='word_1_4' title='bbox 700 296 835 341; x_wconf 77' lang='lat' dir='ltr'>merrus</span> 
     </span>
    </p>
   </div>
   <div class='ocr_carea' id='block_1_2' title="bbox 211 442 1146 528">
    <p class='ocr_par' dir='ltr' id='par_1_2' title="bbox 211 442 1146 528">
     <span class='ocr_line' id='line_1_2' title="bbox 211 442 1146 528; baseline 0.004 -20"><span class='ocrx_word' id='word_1_5' title='bbox 211 444 364 528; x_wconf 83' lang='lat' dir='ltr'>siquidem</span> <span class='ocrx_word' id='word_1_6' title='bbox 392 444 495 527; x_wconf 92' lang='lat' dir='ltr'>colles,</span> <span class='ocrx_word' id='word_1_7' title='bbox 509 445 656 526; x_wconf 88' lang='lat' dir='ltr'>paulatim</span> <span class='ocrx_word' id='word_1_8' title='bbox 679 461 846 521; x_wconf 88' lang='lat' dir='ltr'>rarescunt,</span> <span class='ocrx_word' id='word_1_9' title='bbox 877 458 908 508; x_wconf 83' lang='lat' dir='ltr'>et</span> <span class='ocrx_word' id='word_1_10' title='bbox 923 442 1056 512; x_wconf 80' lang='lat' dir='ltr'>Chattos</span> <span class='ocrx_word' id='word_1_11' title='bbox 1076 468 1146 513; x_wconf 81' lang='lat' dir='ltr'>suos</span> 
     </span>
    </p>
   </div>
   <div class='ocr_carea' id='block_1_3' title="bbox 210 544 1148 2240">
    <p class='ocr_par' dir='ltr' id='par_1_3' title="bbox 210 544 1148 2041">
     <span class='ocr_line' id='line_1_3' title="bbox 211 544 1146 630; baseline 0.004 -22"><span class='ocrx_word' id='word_1_12' title='bbox 211 544 306 609; x_wconf 85' lang='lat' dir='ltr'>saltus</span> <span class='ocrx_word' id='word_1_13' title='bbox 336 544 514 630; x_wconf 82' lang='lat' dir='ltr'>Hercynius</span> <span class='ocrx_word' id='word_1_14' title='bbox 547 545 742 630; x_wconf 85' lang='lat' dir='ltr'>prosequitur</span> <span class='ocrx_word' id='word_1_15' title='bbox 770 545 863 609; x_wconf 89' lang='lat' dir='ltr'>simul</span> <span class='ocrx_word' id='word_1_16' title='bbox 893 558 985 630; x_wconf 89' lang='lat' dir='ltr'>atque</span> <span class='ocrx_word' id='word_1_17' title='bbox 1014 548 1146 630; x_wconf 79' lang='lat' dir='ltr'>deponit.</span> 
     </span>
     <span class='ocr_line' id='line_1_4' title="bbox 210 644 1147 732; baseline 0.004 -24"><span class='ocrx_word' id='word_1_18' title='bbox 210 644 343 708; x_wconf 92' lang='lat' dir='ltr'>Duriora</span> <span class='ocrx_word' id='word_1_19' title='bbox 363 647 447 730; x_wconf 87' lang='lat' dir='ltr'>genti</span> <span class='ocrx_word' id='word_1_20' title='bbox 471 666 606 732; x_wconf 90' lang='lat' dir='ltr'>corpora,</span> <span class='ocrx_word' id='word_1_21' title='bbox 633 646 729 708; x_wconf 85' lang='lat' dir='ltr'>stricti</span> <span class='ocrx_word' id='word_1_22' title='bbox 754 658 848 722; x_wconf 87' lang='lat' dir='ltr'>artus,</span> <span class='ocrx_word' id='word_1_23' title='bbox 864 647 968 708; x_wconf 85' lang='lat' dir='ltr'>minax</span> <span class='ocrx_word' id='word_1_24' title='bbox 989 647 1095 712; x_wconf 86' lang='lat' dir='ltr'>vultus</span> <span class='ocrx_word' id='word_1_25' title='bbox 1119 662 1147 712; x_wconf 89' lang='lat' dir='ltr'>et</span> 
     </span>
     <span class='ocr_line' id='line_1_5' title="bbox 210 745 1146 830; baseline 0.002 -20"><span class='ocrx_word' id='word_1_26' title='bbox 210 746 306 830; x_wconf 86' lang='lat' dir='ltr'>major</span> <span class='ocrx_word' id='word_1_27' title='bbox 340 748 433 810; x_wconf 89' lang='lat' dir='ltr'>animi</span> <span class='ocrx_word' id='word_1_28' title='bbox 461 747 557 830; x_wconf 87' lang='lat' dir='ltr'>vigor.</span> <span class='ocrx_word' id='word_1_29' title='bbox 613 745 759 823; x_wconf 86' lang='lat' dir='ltr'>Multum,</span> <span class='ocrx_word' id='word_1_30' title='bbox 788 759 823 810; x_wconf 92' lang='lat' dir='ltr'>ut</span> <span class='ocrx_word' id='word_1_31' title='bbox 857 747 936 810; x_wconf 90' lang='lat' dir='ltr'>inter</span> <span class='ocrx_word' id='word_1_32' title='bbox 965 746 1146 826; x_wconf 77' lang='lat' dir='ltr'>Germanos,</span> 
     </span>
     <span class='ocr_line' id='line_1_6' title="bbox 210 847 1147 932; baseline 0.002 -22"><span class='ocrx_word' id='word_1_33' title='bbox 210 848 333 911; x_wconf 90' lang='lat' dir='ltr'>rationis</span> <span class='ocrx_word' id='word_1_34' title='bbox 371 869 408 910; x_wconf 90' lang='lat' dir='ltr'>ac</span> <span class='ocrx_word' id='word_1_35' title='bbox 445 848 607 910; x_wconf 81' lang='lat' dir='ltr'>solertiae:</span> <span class='ocrx_word' id='word_1_36' title='bbox 651 867 839 932; x_wconf 85' lang='lat' dir='ltr'>praeponere</span> <span class='ocrx_word' id='word_1_37' title='bbox 879 847 1003 924; x_wconf 86' lang='lat' dir='ltr'>electos,</span> <span class='ocrx_word' id='word_1_38' title='bbox 1043 850 1147 914; x_wconf 88' lang='lat' dir='ltr'>audire</span> 
     </span>
     <span class='ocr_line' id='line_1_7' title="bbox 210 947 1146 1034; baseline 0.002 -23"><span class='ocrx_word' id='word_1_39' title='bbox 210 950 409 1034; x_wconf 87' lang='lat' dir='ltr'>praepositos,</span> <span class='ocrx_word' id='word_1_40' title='bbox 446 969 537 1010; x_wconf 91' lang='lat' dir='ltr'>nosse</span> <span class='ocrx_word' id='word_1_41' title='bbox 575 947 706 1024; x_wconf 88' lang='lat' dir='ltr'>ordines,</span> <span class='ocrx_word' id='word_1_42' title='bbox 746 948 914 1032; x_wconf 84' lang='lat' dir='ltr'>intelligere</span> <span class='ocrx_word' id='word_1_43' title='bbox 957 951 1146 1026; x_wconf 81' lang='lat' dir='ltr'>occasiones,</span> 
     </span>
     <span class='ocr_line' id='line_1_8' title="bbox 210 1047 1146 1136; baseline 0.002 -24"><span class='ocrx_word' id='word_1_44' title='bbox 210 1049 331 1112; x_wconf 83' lang='lat' dir='ltr'>differre</span> <span class='ocrx_word' id='word_1_45' title='bbox 353 1051 497 1136; x_wconf 77' lang='lat' dir='ltr'>impetuS,</span> <span class='ocrx_word' id='word_1_46' title='bbox 512 1048 672 1130; x_wconf 87' lang='lat' dir='ltr'>disponere</span> <span class='ocrx_word' id='word_1_47' title='bbox 695 1047 787 1124; x_wconf 92' lang='lat' dir='ltr'>diem,</span> <span class='ocrx_word' id='word_1_48' title='bbox 802 1047 914 1112; x_wconf 88' lang='lat' dir='ltr'>vallare</span> <span class='ocrx_word' id='word_1_49' title='bbox 940 1061 1074 1126; x_wconf 89' lang='lat' dir='ltr'>noctem,</span> <span class='ocrx_word' id='word_1_50' title='bbox 1089 1051 1146 1114; x_wconf 82' lang='lat' dir='ltr'>for·</span> 
     </span>
     <span class='ocr_line' id='line_1_9' title="bbox 211 1150 1144 1228; baseline -0.001 -14"><span class='ocrx_word' id='word_1_51' title='bbox 211 1163 317 1214; x_wconf 88' lang='lat' dir='ltr'>tunam</span> <span class='ocrx_word' id='word_1_52' title='bbox 344 1152 422 1214; x_wconf 87' lang='lat' dir='ltr'>inter</span> <span class='ocrx_word' id='word_1_53' title='bbox 448 1150 551 1228; x_wconf 84' lang='lat' dir='ltr'>dubia,</span> <span class='ocrx_word' id='word_1_54' title='bbox 577 1151 722 1214; x_wconf 87' lang='lat' dir='ltr'>virtutem</span> <span class='ocrx_word' id='word_1_55' title='bbox 750 1151 828 1214; x_wconf 91' lang='lat' dir='ltr'>inter</span> <span class='ocrx_word' id='word_1_56' title='bbox 855 1162 938 1215; x_wconf 85' lang='lat' dir='ltr'>certa</span> <span class='ocrx_word' id='word_1_57' title='bbox 965 1172 1144 1216; x_wconf 87' lang='lat' dir='ltr'>numerare:</span> 
     </span>
     <span class='ocr_line' id='line_1_10' title="bbox 211 1250 1146 1336; baseline 0.002 -22"><span class='ocrx_word' id='word_1_58' title='bbox 211 1252 354 1336; x_wconf 89' lang='lat' dir='ltr'>quodque</span> <span class='ocrx_word' id='word_1_59' title='bbox 374 1253 566 1316; x_wconf 87' lang='lat' dir='ltr'>rarissimum</span> <span class='ocrx_word' id='word_1_60' title='bbox 587 1272 645 1314; x_wconf 89' lang='lat' dir='ltr'>nec</span> <span class='ocrx_word' id='word_1_61' title='bbox 665 1252 725 1314; x_wconf 92' lang='lat' dir='ltr'>nisi</span> <span class='ocrx_word' id='word_1_62' title='bbox 746 1251 861 1313; x_wconf 87' lang='lat' dir='ltr'>ratione</span> <span class='ocrx_word' id='word_1_63' title='bbox 883 1250 1062 1332; x_wconf 90' lang='lat' dir='ltr'>disciplinae</span> <span class='ocrx_word' id='word_1_64' title='bbox 1077 1275 1146 1320; x_wconf 84' lang='lat' dir='ltr'>con·</span> 
     </span>
     <span class='ocr_line' id='line_1_11' title="bbox 211 1351 1146 1436; baseline 0 -20"><span class='ocrx_word' id='word_1_65' title='bbox 211 1375 346 1431; x_wconf 90' lang='lat' dir='ltr'>cessum,</span> <span class='ocrx_word' id='word_1_66' title='bbox 359 1353 430 1435; x_wconf 89' lang='lat' dir='ltr'>plus</span> <span class='ocrx_word' id='word_1_67' title='bbox 443 1374 587 1435; x_wconf 85' lang='lat' dir='ltr'>reponere</span> <span class='ocrx_word' id='word_1_68' title='bbox 602 1351 733 1428; x_wconf 88' lang='lat' dir='ltr'>induce,</span> <span class='ocrx_word' id='word_1_69' title='bbox 749 1373 842 1436; x_wconf 88' lang='lat' dir='ltr'>quam</span> <span class='ocrx_word' id='word_1_70' title='bbox 857 1353 1003 1419; x_wconf 84' lang='lat' dir='ltr'>exercitu.</span> <span class='ocrx_word' id='word_1_71' title='bbox 1048 1353 1146 1418; x_wconf 89' lang='lat' dir='ltr'>Omne</span> 
     </span>
     <span class='ocr_line' id='line_1_12' title="bbox 210 1452 1147 1538; baseline 0 -22"><span class='ocrx_word' id='word_1_72' title='bbox 210 1455 302 1516; x_wconf 90' lang='lat' dir='ltr'>robur</span> <span class='ocrx_word' id='word_1_73' title='bbox 316 1455 347 1517; x_wconf 92' lang='lat' dir='ltr'>in</span> <span class='ocrx_word' id='word_1_74' title='bbox 361 1454 473 1534; x_wconf 88' lang='lat' dir='ltr'>pedite,</span> <span class='ocrx_word' id='word_1_75' title='bbox 487 1474 589 1536; x_wconf 90' lang='lat' dir='ltr'>quem,</span> <span class='ocrx_word' id='word_1_76' title='bbox 604 1473 696 1534; x_wconf 88' lang='lat' dir='ltr'>super</span> <span class='ocrx_word' id='word_1_77' title='bbox 710 1473 804 1529; x_wconf 86' lang='lat' dir='ltr'>anna,</span> <span class='ocrx_word' id='word_1_78' title='bbox 818 1452 1009 1516; x_wconf 86' lang='lat' dir='ltr'>ferramentis</span> <span class='ocrx_word' id='word_1_79' title='bbox 1026 1475 1147 1538; x_wconf 88' lang='lat' dir='ltr'>quoque</span> 
     </span>
     <span class='ocr_line' id='line_1_13' title="bbox 212 1550 1147 1635; baseline 0.001 -18"><span class='ocrx_word' id='word_1_80' title='bbox 212 1567 243 1617; x_wconf 85' lang='lat' dir='ltr'>et</span> <span class='ocrx_word' id='word_1_81' title='bbox 256 1555 352 1634; x_wconf 89' lang='lat' dir='ltr'>copiis</span> <span class='ocrx_word' id='word_1_82' title='bbox 373 1565 506 1616; x_wconf 88' lang='lat' dir='ltr'>onerant.</span> <span class='ocrx_word' id='word_1_83' title='bbox 549 1552 637 1616; x_wconf 90' lang='lat' dir='ltr'>Alios</span> <span class='ocrx_word' id='word_1_84' title='bbox 659 1551 699 1616; x_wconf 89' lang='lat' dir='ltr'>ad</span> <span class='ocrx_word' id='word_1_85' title='bbox 718 1552 868 1633; x_wconf 90' lang='lat' dir='ltr'>proelium</span> <span class='ocrx_word' id='word_1_86' title='bbox 877 1550 1147 1635; x_wconf 66' lang='lat' dir='ltr'>irevideeqchat-</span> 
     </span>
     <span class='ocr_line' id='line_1_14' title="bbox 212 1652 1148 1739; baseline -0.001 -21"><span class='ocrx_word' id='word_1_87' title='bbox 212 1667 258 1718; x_wconf 90' lang='lat' dir='ltr'>tos</span> <span class='ocrx_word' id='word_1_88' title='bbox 287 1653 326 1716; x_wconf 91' lang='lat' dir='ltr'>ad</span> <span class='ocrx_word' id='word_1_89' title='bbox 352 1652 480 1717; x_wconf 89' lang='lat' dir='ltr'>bellum.</span> <span class='ocrx_word' id='word_1_90' title='bbox 524 1653 600 1716; x_wconf 87' lang='lat' dir='ltr'>Rari</span> <span class='ocrx_word' id='word_1_91' title='bbox 634 1673 782 1717; x_wconf 82' lang='lat' dir='ltr'>excursus</span> <span class='ocrx_word' id='word_1_92' title='bbox 812 1666 843 1716; x_wconf 90' lang='lat' dir='ltr'>et</span> <span class='ocrx_word' id='word_1_93' title='bbox 871 1652 993 1718; x_wconf 84' lang='lat' dir='ltr'>fortuita</span> <span class='ocrx_word' id='word_1_94' title='bbox 1020 1673 1148 1739; x_wconf 76' lang='lat' dir='ltr'>pugna,</span> 
     </span>
     <span class='ocr_line' id='line_1_15' title="bbox 212 1754 1147 1838; baseline 0 -20"><span class='ocrx_word' id='word_1_95' title='bbox 212 1755 401 1838; x_wconf 87' lang='lat' dir='ltr'>equestrium</span> <span class='ocrx_word' id='word_1_96' title='bbox 435 1775 508 1816; x_wconf 90' lang='lat' dir='ltr'>sane</span> <span class='ocrx_word' id='word_1_97' title='bbox 538 1755 650 1817; x_wconf 84' lang='lat' dir='ltr'>virium</span> <span class='ocrx_word' id='word_1_98' title='bbox 684 1754 716 1817; x_wconf 94' lang='lat' dir='ltr'>id</span> <span class='ocrx_word' id='word_1_99' title='bbox 750 1755 924 1836; x_wconf 86' lang='lat' dir='ltr'>proprium,</span> <span class='ocrx_word' id='word_1_100' title='bbox 946 1755 1008 1818; x_wconf 85' lang='lat' dir='ltr'>cito</span> <span class='ocrx_word' id='word_1_101' title='bbox 1042 1777 1147 1836; x_wconf 90' lang='lat' dir='ltr'>parare</span> 
     </span>
     <span class='ocr_line' id='line_1_16' title="bbox 211 1854 1146 1939; baseline 0.004 -21"><span class='ocrx_word' id='word_1_102' title='bbox 211 1857 378 1934; x_wconf 85' lang='lat' dir='ltr'>victoriam,</span> <span class='ocrx_word' id='word_1_103' title='bbox 408 1857 469 1920; x_wconf 86' lang='lat' dir='ltr'>cito</span> <span class='ocrx_word' id='word_1_104' title='bbox 497 1855 626 1920; x_wconf 88' lang='lat' dir='ltr'>cedere:</span> <span class='ocrx_word' id='word_1_105' title='bbox 656 1855 802 1922; x_wconf 78' lang='lat' dir='ltr'>velocitas</span> <span class='ocrx_word' id='word_1_106' title='bbox 827 1854 914 1939; x_wconf 82' lang='lat' dir='ltr'>juxta</span> <span class='ocrx_word' id='word_1_107' title='bbox 942 1855 1146 1932; x_wconf 81' lang='lat' dir='ltr'>formidinem,</span> 
     </span>
     <span class='ocr_line' id='line_1_17' title="bbox 212 1959 843 2041; baseline -0.002 -20"><span class='ocrx_word' id='word_1_108' title='bbox 212 1959 499 2041; x_wconf 84' lang='lat' dir='ltr'>cunctatiopropior</span> <span class='ocrx_word' id='word_1_109' title='bbox 513 1959 701 2020; x_wconf 87' lang='lat' dir='ltr'>constantiae</span> <span class='ocrx_word' id='word_1_110' title='bbox 717 1968 774 2018; x_wconf 82' lang='lat' dir='ltr'>est</span> <span class='ocrx_word' id='word_1_111' title='bbox 837 2008 843 2020; x_wconf 90' lang='grc'><em>,</em></span> 
     </span>
    </p>

    <p class='ocr_par' dir='ltr' id='par_1_4' title="bbox 212 2055 1147 2240">
     <span class='ocr_line' id='line_1_18' title="bbox 253 2055 1147 2138; baseline -0.001 -17"><span class='ocrx_word' id='word_1_112' title='bbox 253 2057 379 2122; x_wconf 91' lang='grc' dir='ltr'>ΧΧΧΙ.</span> <span class='ocrx_word' id='word_1_113' title='bbox 401 2055 443 2120; x_wconf 86' lang='lat' dir='ltr'>Et</span> <span class='ocrx_word' id='word_1_114' title='bbox 467 2057 535 2120; x_wconf 89' lang='lat' dir='ltr'>aliis</span> <span class='ocrx_word' id='word_1_115' title='bbox 563 2055 787 2120; x_wconf 89' lang='lat' dir='ltr'>Germanorum</span> <span class='ocrx_word' id='word_1_116' title='bbox 816 2055 938 2138; x_wconf 92' lang='lat' dir='ltr'>populis</span> <span class='ocrx_word' id='word_1_117' title='bbox 967 2071 1147 2138; x_wconf 87' lang='lat' dir='ltr'>usurpatum</span> 
     </span>
     <span class='ocr_line' id='line_1_19' title="bbox 212 2155 1146 2240; baseline 0.003 -20"><span class='ocrx_word' id='word_1_118' title='bbox 212 2179 277 2220; x_wconf 84' lang='lat' dir='ltr'>rara</span> <span class='ocrx_word' id='word_1_119' title='bbox 306 2169 336 2220; x_wconf 89' lang='lat' dir='ltr'>et</span> <span class='ocrx_word' id='word_1_120' title='bbox 362 2159 479 2239; x_wconf 89' lang='lat' dir='ltr'>privata</span> <span class='ocrx_word' id='word_1_121' title='bbox 514 2155 664 2240; x_wconf 86' lang='lat' dir='ltr'>cujusque</span> <span class='ocrx_word' id='word_1_122' title='bbox 693 2156 835 2219; x_wconf 88' lang='lat' dir='ltr'>audentia</span> <span class='ocrx_word' id='word_1_123' title='bbox 870 2155 951 2238; x_wconf 90' lang='lat' dir='ltr'>apud</span> <span class='ocrx_word' id='word_1_124' title='bbox 969 2155 1100 2223; x_wconf 79' lang='lat' dir='ltr'>Chattos</span> <span class='ocrx_word' id='word_1_125' title='bbox 1117 2160 1146 2223; x_wconf 92' lang='lat' dir='ltr'>iu</span> 
     </span>
    </p>
   </div>
   <div class='ocr_carea' id='block_1_4' title="bbox 113 2256 1146 2344">
    <p class='ocr_par' dir='ltr' id='par_1_5' title="bbox 113 2256 1146 2344">
     <span class='ocr_line' id='line_1_20' title="bbox 113 2256 1146 2344; baseline 0.004 -26"><span class='ocrx_word' id='word_1_126' title='bbox 113 2341 115 2344; x_wconf 13' lang='grc' dir='ltr'><strong><em>ι</em></strong></span> <span class='ocrx_word' id='word_1_127' title='bbox 212 2277 398 2320; x_wconf 90' lang='lat' dir='ltr'>consensum</span> <span class='ocrx_word' id='word_1_128' title='bbox 420 2256 517 2331; x_wconf 90' lang='lat' dir='ltr'>vertit,</span> <span class='ocrx_word' id='word_1_129' title='bbox 532 2268 567 2320; x_wconf 88' lang='lat' dir='ltr'>ut</span> <span class='ocrx_word' id='word_1_130' title='bbox 579 2257 715 2340; x_wconf 89' lang='lat' dir='ltr'>primum</span> <span class='ocrx_word' id='word_1_131' title='bbox 736 2256 930 2333; x_wconf 85' lang='lat' dir='ltr'>adoleverint,</span> <span class='ocrx_word' id='word_1_132' title='bbox 946 2258 1064 2324; x_wconf 89' lang='lat' dir='ltr'>crinem</span> <span class='ocrx_word' id='word_1_133' title='bbox 1081 2259 1146 2322; x_wconf 92' lang='lat' dir='ltr'>bar-</span> 
     </span>
    </p>
   </div>
   <div class='ocr_carea' id='block_1_5' title="bbox 209 2356 1213 3758">
    <p class='ocr_par' dir='ltr' id='par_1_6' title="bbox 211 2356 1147 2646">
     <span class='ocr_line' id='line_1_21' title="bbox 212 2356 1146 2440; baseline 0.003 -21"><span class='ocrx_word' id='word_1_134' title='bbox 212 2358 344 2440; x_wconf 92' lang='lat' dir='ltr'>bamque</span> <span class='ocrx_word' id='word_1_135' title='bbox 380 2357 568 2434; x_wconf 85' lang='lat' dir='ltr'>submittere,</span> <span class='ocrx_word' id='word_1_136' title='bbox 598 2377 666 2435; x_wconf 89' lang='lat' dir='ltr'>nee,</span> <span class='ocrx_word' id='word_1_137' title='bbox 698 2359 759 2422; x_wconf 88' lang='lat' dir='ltr'>nisi</span> <span class='ocrx_word' id='word_1_138' title='bbox 787 2356 874 2424; x_wconf 88' lang='lat' dir='ltr'>hoste</span> <span class='ocrx_word' id='word_1_139' title='bbox 904 2379 1005 2435; x_wconf 88' lang='lat' dir='ltr'>caeso,</span> <span class='ocrx_word' id='word_1_140' title='bbox 1036 2381 1146 2424; x_wconf 83' lang='lat' dir='ltr'>exuere</span> 
     </span>
     <span class='ocr_line' id='line_1_22' title="bbox 211 2457 1147 2544; baseline 0.002 -22"><span class='ocrx_word' id='word_1_141' title='bbox 211 2458 348 2544; x_wconf 85' lang='lat' dir='ltr'>votivum</span> <span class='ocrx_word' id='word_1_142' title='bbox 376 2457 604 2542; x_wconf 84' lang='lat' dir='ltr'>obligatumque</span> <span class='ocrx_word' id='word_1_143' title='bbox 631 2459 736 2522; x_wconf 86' lang='lat' dir='ltr'>virtuti</span> <span class='ocrx_word' id='word_1_144' title='bbox 765 2459 825 2524; x_wconf 88' lang='lat' dir='ltr'>oris</span> <span class='ocrx_word' id='word_1_145' title='bbox 853 2457 1002 2528; x_wconf 87' lang='lat' dir='ltr'>habitum.</span> <span class='ocrx_word' id='word_1_146' title='bbox 1048 2461 1147 2542; x_wconf 88' lang='lat' dir='ltr'>Super</span> 
     </span>
     <span class='ocr_line' id='line_1_23' title="bbox 212 2559 1146 2646; baseline 0.001 -23"><span class='ocrx_word' id='word_1_147' title='bbox 212 2559 393 2643; x_wconf 85' lang='lat' dir='ltr'>sanguinem</span> <span class='ocrx_word' id='word_1_148' title='bbox 421 2570 453 2630; x_wconf 82' lang='lat' dir='ltr'>et</span> <span class='ocrx_word' id='word_1_149' title='bbox 487 2559 584 2642; x_wconf 91' lang='lat' dir='ltr'>spolia</span> <span class='ocrx_word' id='word_1_150' title='bbox 617 2560 754 2629; x_wconf 85' lang='lat' dir='ltr'>revelant</span> <span class='ocrx_word' id='word_1_151' title='bbox 780 2559 920 2636; x_wconf 83' lang='lat' dir='ltr'>frontem,</span> <span class='ocrx_word' id='word_1_152' title='bbox 950 2573 1046 2646; x_wconf 88' lang='lat' dir='ltr'>seque</span> <span class='ocrx_word' id='word_1_153' title='bbox 1083 2576 1146 2628; x_wconf 90' lang='lat' dir='ltr'>tum</span> 
     </span>
    </p>

    <p class='ocr_par' dir='ltr' id='par_1_7' title="bbox 209 2647 1213 3758">
     <span class='ocr_line' id='line_1_24' title="bbox 211 2647 1213 2744; baseline 0 -20"><span class='ocrx_word' id='word_1_154' title='bbox 211 2661 338 2725; x_wconf 90' lang='lat' dir='ltr'>demum</span> <span class='ocrx_word' id='word_1_155' title='bbox 357 2661 454 2744; x_wconf 86' lang='lat' dir='ltr'>pretia</span> <span class='ocrx_word' id='word_1_156' title='bbox 474 2659 620 2724; x_wconf 86' lang='lat' dir='ltr'>nascendi</span> <span class='ocrx_word' id='word_1_157' title='bbox 641 2659 794 2737; x_wconf 85' lang='lat' dir='ltr'>retulisse,</span> <span class='ocrx_word' id='word_1_158' title='bbox 806 2659 976 2744; x_wconf 86' lang='lat' dir='ltr'>dignosque</span> <span class='ocrx_word' id='word_1_159' title='bbox 998 2663 1098 2742; x_wconf 83' lang='lat' dir='ltr'>patrie</span> <span class='ocrx_word' id='word_1_160' title='bbox 1112 2683 1147 2726; x_wconf 92' lang='lat' dir='ltr'>ac</span> <span class='ocrx_word' id='word_1_161' title='bbox 1212 2647 1213 2650; x_wconf 22' lang='lat'>¹</span> 
     </span>
     <span class='ocr_line' id='line_1_25' title="bbox 210 2761 1147 2846; baseline 0.001 -21"><span class='ocrx_word' id='word_1_162' title='bbox 210 2763 386 2844; x_wconf 86' lang='lat' dir='ltr'>parentibus</span> <span class='ocrx_word' id='word_1_163' title='bbox 421 2761 532 2827; x_wconf 83' lang='lat' dir='ltr'>ferunt.</span> <span class='ocrx_word' id='word_1_164' title='bbox 589 2761 713 2846; x_wconf 89' lang='lat' dir='ltr'>Ignavis</span> <span class='ocrx_word' id='word_1_165' title='bbox 756 2773 788 2826; x_wconf 84' lang='lat' dir='ltr'>et</span> <span class='ocrx_word' id='word_1_166' title='bbox 828 2761 1003 2826; x_wconf 87' lang='lat' dir='ltr'>imbellibus</span> <span class='ocrx_word' id='word_1_167' title='bbox 1046 2775 1147 2828; x_wconf 88' lang='lat' dir='ltr'>manet</span> 
     </span>
     <span class='ocr_line' id='line_1_26' title="bbox 212 2862 1147 2947; baseline 0.001 -21"><span class='ocrx_word' id='word_1_168' title='bbox 212 2865 342 2947; x_wconf 89' lang='lat' dir='ltr'>squalor.</span> <span class='ocrx_word' id='word_1_169' title='bbox 387 2862 586 2926; x_wconf 85' lang='lat' dir='ltr'>Fortissimus</span> <span class='ocrx_word' id='word_1_170' title='bbox 608 2863 739 2946; x_wconf 89' lang='lat' dir='ltr'>quisque</span> <span class='ocrx_word' id='word_1_171' title='bbox 753 2863 886 2926; x_wconf 87' lang='lat' dir='ltr'>ferreum</span> <span class='ocrx_word' id='word_1_172' title='bbox 907 2865 1032 2944; x_wconf 88' lang='lat' dir='ltr'>insuper</span> <span class='ocrx_word' id='word_1_173' title='bbox 1052 2885 1147 2928; x_wconf 91' lang='lat' dir='ltr'>annu·</span> 
     </span>
     <span class='ocr_line' id='line_1_27' title="bbox 210 2962 1146 3047; baseline 0.001 -20"><span class='ocrx_word' id='word_1_174' title='bbox 210 2965 276 3027; x_wconf 90' lang='lat' dir='ltr'>lum</span> <span class='ocrx_word' id='word_1_175' title='bbox 297 2965 549 3046; x_wconf 83' lang='lat' dir='ltr'>(ignominiosum</span> <span class='ocrx_word' id='word_1_176' title='bbox 569 2963 601 3024; x_wconf 93' lang='lat' dir='ltr'>id</span> <span class='ocrx_word' id='word_1_177' title='bbox 622 2962 720 3046; x_wconf 86' lang='lat' dir='ltr'>genti)</span> <span class='ocrx_word' id='word_1_178' title='bbox 740 2963 825 3028; x_wconf 86' lang='lat' dir='ltr'>velut</span> <span class='ocrx_word' id='word_1_179' title='bbox 852 2965 1009 3029; x_wconf 85' lang='lat' dir='ltr'>vinculum</span> <span class='ocrx_word' id='word_1_180' title='bbox 1037 2977 1146 3047; x_wconf 84' lang='lat' dir='ltr'>gestat,</span> 
     </span>
     <span class='ocr_line' id='line_1_28' title="bbox 210 3061 1147 3131; baseline 0.001 -4"><span class='ocrx_word' id='word_1_181' title='bbox 210 3065 308 3127; x_wconf 88' lang='lat' dir='ltr'>donec</span> <span class='ocrx_word' id='word_1_182' title='bbox 330 3084 364 3126; x_wconf 89' lang='lat' dir='ltr'>se</span> <span class='ocrx_word' id='word_1_183' title='bbox 386 3062 481 3125; x_wconf 89' lang='lat' dir='ltr'>caede</span> <span class='ocrx_word' id='word_1_184' title='bbox 503 3061 600 3124; x_wconf 89' lang='lat' dir='ltr'>hostis</span> <span class='ocrx_word' id='word_1_185' title='bbox 626 3063 772 3127; x_wconf 88' lang='lat' dir='ltr'>absolvat.</span> <span class='ocrx_word' id='word_1_186' title='bbox 807 3063 956 3128; x_wconf 90' lang='lat' dir='ltr'>Plurimis</span> <span class='ocrx_word' id='word_1_187' title='bbox 968 3063 1147 3131; x_wconf 76' lang='lat' dir='ltr'>Chattorum</span> 
     </span>
     <span class='ocr_line' id='line_1_29' title="bbox 211 3161 1147 3250; baseline 0.001 -21"><span class='ocrx_word' id='word_1_188' title='bbox 211 3166 260 3229; x_wconf 89' lang='lat' dir='ltr'>hic</span> <span class='ocrx_word' id='word_1_189' title='bbox 274 3163 375 3248; x_wconf 89' lang='lat' dir='ltr'>placet</span> <span class='ocrx_word' id='word_1_190' title='bbox 395 3162 529 3226; x_wconf 90' lang='lat' dir='ltr'>habitus.</span> <span class='ocrx_word' id='word_1_191' title='bbox 572 3161 704 3246; x_wconf 83' lang='lat' dir='ltr'>Jamque</span> <span class='ocrx_word' id='word_1_192' title='bbox 720 3177 829 3228; x_wconf 87' lang='lat' dir='ltr'>canent</span> <span class='ocrx_word' id='word_1_193' title='bbox 846 3165 993 3250; x_wconf 86' lang='lat' dir='ltr'>insignes,</span> <span class='ocrx_word' id='word_1_194' title='bbox 1009 3178 1040 3229; x_wconf 89' lang='lat' dir='ltr'>et</span> <span class='ocrx_word' id='word_1_195' title='bbox 1053 3166 1147 3230; x_wconf 86' lang='lat' dir='ltr'>hosti-</span> 
     </span>
     <span class='ocr_line' id='line_1_30' title="bbox 209 3266 1147 3352; baseline 0 -22"><span class='ocrx_word' id='word_1_196' title='bbox 209 3269 269 3331; x_wconf 89' lang='lat' dir='ltr'>bus</span> <span class='ocrx_word' id='word_1_197' title='bbox 298 3267 392 3331; x_wconf 89' lang='lat' dir='ltr'>simul</span> <span class='ocrx_word' id='word_1_198' title='bbox 420 3267 545 3352; x_wconf 89' lang='lat' dir='ltr'>suisque</span> <span class='ocrx_word' id='word_1_199' title='bbox 576 3267 746 3330; x_wconf 87' lang='lat' dir='ltr'>monstrati.</span> <span class='ocrx_word' id='word_1_200' title='bbox 791 3266 939 3334; x_wconf 91' lang='lat' dir='ltr'>Omnium</span> <span class='ocrx_word' id='word_1_201' title='bbox 966 3288 1062 3350; x_wconf 88' lang='lat' dir='ltr'>penes</span> <span class='ocrx_word' id='word_1_202' title='bbox 1091 3268 1147 3331; x_wconf 88' lang='lat' dir='ltr'>hos</span> 
     </span>
     <span class='ocr_line' id='line_1_31' title="bbox 211 3363 1146 3452; baseline 0 -21"><span class='ocrx_word' id='word_1_203' title='bbox 211 3370 295 3432; x_wconf 90' lang='lat' dir='ltr'>initia</span> <span class='ocrx_word' id='word_1_204' title='bbox 308 3390 499 3452; x_wconf 85' lang='lat' dir='ltr'>pugnarum:</span> <span class='ocrx_word' id='word_1_205' title='bbox 520 3367 598 3432; x_wconf 83' lang='lat' dir='ltr'>hoec</span> <span class='ocrx_word' id='word_1_206' title='bbox 611 3367 709 3450; x_wconf 89' lang='lat' dir='ltr'>prima</span> <span class='ocrx_word' id='word_1_207' title='bbox 723 3389 845 3450; x_wconf 88' lang='lat' dir='ltr'>semper</span> <span class='ocrx_word' id='word_1_208' title='bbox 858 3370 952 3445; x_wconf 89' lang='lat' dir='ltr'>acies,</span> <span class='ocrx_word' id='word_1_209' title='bbox 964 3369 1034 3432; x_wconf 84' lang='lat' dir='ltr'>visu</span> <span class='ocrx_word' id='word_1_210' title='bbox 1048 3363 1146 3444; x_wconf 78' lang='lat' dir='ltr'>nova3</span> 
     </span>
     <span class='ocr_line' id='line_1_32' title="bbox 211 3469 1146 3552; baseline 0.002 -22"><span class='ocrx_word' id='word_1_211' title='bbox 211 3490 283 3532; x_wconf 90' lang='lat' dir='ltr'>narn</span> <span class='ocrx_word' id='word_1_212' title='bbox 303 3489 341 3530; x_wconf 91' lang='lat' dir='ltr'>ne</span> <span class='ocrx_word' id='word_1_213' title='bbox 363 3470 396 3532; x_wconf 92' lang='lat' dir='ltr'>in</span> <span class='ocrx_word' id='word_1_214' title='bbox 419 3491 496 3550; x_wconf 91' lang='lat' dir='ltr'>pace</span> <span class='ocrx_word' id='word_1_215' title='bbox 522 3469 647 3552; x_wconf 80' lang='lat' dir='ltr'>quidem</span> <span class='ocrx_word' id='word_1_216' title='bbox 660 3469 747 3533; x_wconf 83' lang='lat' dir='ltr'>vultu</span> <span class='ocrx_word' id='word_1_217' title='bbox 772 3471 891 3532; x_wconf 86' lang='lat' dir='ltr'>mitiore</span> <span class='ocrx_word' id='word_1_218' title='bbox 916 3481 1146 3534; x_wconf 84' lang='lat' dir='ltr'>mansuescunt.</span> 
     </span>
     <span class='ocr_line' id='line_1_33' title="bbox 214 3567 1147 3653; baseline 0.002 -21"><span class='ocrx_word' id='word_1_219' title='bbox 214 3568 298 3632; x_wconf 91' lang='lat' dir='ltr'>Nulli</span> <span class='ocrx_word' id='word_1_220' title='bbox 312 3567 423 3629; x_wconf 91' lang='lat' dir='ltr'>domus</span> <span class='ocrx_word' id='word_1_221' title='bbox 437 3580 489 3632; x_wconf 91' lang='lat' dir='ltr'>aut</span> <span class='ocrx_word' id='word_1_222' title='bbox 504 3590 577 3652; x_wconf 85' lang='lat' dir='ltr'>ager</span> <span class='ocrx_word' id='word_1_223' title='bbox 591 3582 644 3633; x_wconf 86' lang='lat' dir='ltr'>aut</span> <span class='ocrx_word' id='word_1_224' title='bbox 655 3569 759 3650; x_wconf 89' lang='lat' dir='ltr'>aliqua</span> <span class='ocrx_word' id='word_1_225' title='bbox 772 3591 863 3634; x_wconf 88' lang='lat' dir='ltr'>cura:</span> <span class='ocrx_word' id='word_1_226' title='bbox 887 3581 976 3652; x_wconf 90' lang='lat' dir='ltr'>prout</span> <span class='ocrx_word' id='word_1_227' title='bbox 990 3569 1030 3633; x_wconf 94' lang='lat' dir='ltr'>ad</span> <span class='ocrx_word' id='word_1_228' title='bbox 1041 3591 1147 3653; x_wconf 89' lang='lat' dir='ltr'>quem·</span> 
     </span>
     <span class='ocr_line' id='line_1_34' title="bbox 211 3667 1144 3758; baseline 0 -24"><span class='ocrx_word' id='word_1_229' title='bbox 211 3690 271 3758; x_wconf 90' lang='lat' dir='ltr'>que</span> <span class='ocrx_word' id='word_1_230' title='bbox 286 3687 407 3744; x_wconf 84' lang='lat' dir='ltr'>venere,</span> <span class='ocrx_word' id='word_1_231' title='bbox 422 3667 562 3730; x_wconf 84' lang='lat' dir='ltr'>aluntur:</span> <span class='ocrx_word' id='word_1_232' title='bbox 585 3669 703 3752; x_wconf 72' lang='lat' dir='ltr'>prodigi</span> <span class='ocrx_word' id='word_1_233' title='bbox 719 3669 819 3734; x_wconf 83' lang='lat' dir='ltr'>alieni.</span> <span class='ocrx_word' id='word_1_234' title='bbox 836 3682 1062 3752; x_wconf 89' lang='lat' dir='ltr'>contemptores</span> <span class='ocrx_word' id='word_1_235' title='bbox 1079 3693 1144 3734; x_wconf 78' lang='lat' dir='ltr'>sur¹</span> 
     </span>
    </p>
   </div>
   <div class='ocr_carea' id='block_1_6' title="bbox 0 0 1280 4228">
    <p class='ocr_par' dir='ltr' id='par_1_8' title="bbox 0 0 1280 4228">
     <span class='ocr_line' id='line_1_35' title="bbox 0 0 1280 4228; baseline 0 0"><span class='ocrx_word' id='word_1_236' title='bbox 0 0 1280 4228; x_wconf 95' lang='lat' dir='ltr'> </span> 
     </span>
    </p>
   </div>
  </div>
 </body>
</html>
