2552 4228
491 305 533 348 1111
557 305 737 350 annulum.
1046 295 1080 358 l'l

136 472 203 536 que
218 449 346 516 aliarum
367 450 505 534 gentium
527 449 708 513 adventibus
730 461 761 514 et
782 447 922 532 hospitiis
945 451 1081 528 mixtos3

137 554 215 637 qnia
235 574 293 616 nec
314 564 393 614 terra
415 551 498 626 olim,
514 551 569 614 sed
590 551 743 618 classibus
765 550 1002 629 advehebantur,
1026 555 1079 637 qui

136 665 260 716 mutare
284 651 374 715 sedes
395 650 590 734 quaerebant,
627 663 659 714 et
679 652 850 716 immensus
874 650 962 727 ultra,
985 664 1080 737 utque

138 756 188 818 sic
216 753 354 828 dixerim,
383 751 530 816 adversus
557 750 703 814 Oceanus
723 753 860 838 rarisnab
883 752 956 816 orbe
977 767 1080 816 nostro

136 854 270 918 navibus
285 853 395 918 aditur.
439 850 520 925 Quis
534 873 633 933 porro,
648 863 768 933 praeter
781 853 954 934 periculum
968 852 1081 918 horridi

137 967 171 1018 et
199 955 294 1039 ignoti
322 955 426 1030 maris,
455 954 531 1016 Asia
558 965 612 1018 aut
639 952 745 1018 Africa
766 965 820 1018 aut
845 953 935 1018 Italia
963 955 1079 1032 relicta,

138 1056 340 1120 Germaniam
361 1059 487 1140 peteret,
528 1053 690 1118 informem
711 1055 809 1132 terris,
825 1075 968 1140 asperam
982 1057 1081 1132 coelo,

136 1157 259 1222 tristem
270 1155 355 1220 cultu
369 1166 569 1238 aspectuque,
585 1155 645 1217 nisi
661 1155 687 1217 si
701 1155 800 1240 patria
820 1155 879 1219 sit?
916 1153 1081 1220 Celebrant

137 1257 326 1320 carminibus
349 1256 481 1339 antiquis
497 1254 595 1338 (quod
616 1275 713 1318 unum
727 1255 810 1336 apud
831 1254 899 1318 illos
914 1257 1079 1320 memoriae

138 1371 170 1422 et
180 1357 334 1420 annalium
349 1377 447 1441 genus
462 1356 524 1436 est)
536 1355 727 1420 Tuisconem
741 1355 836 1420 deum
857 1369 938 1420 terra
952 1356 1078 1434 editum,

137 1473 170 1524 et
203 1459 302 1523 filiurn
332 1457 492 1533 Mannum,
524 1456 674 1541 originem
702 1459 803 1542 gentis
834 1457 1079 1542 conditoresque.

138 1561 256 1624 Manno
270 1573 332 1624 tres
346 1560 426 1623 filios
441 1560 607 1642 assignant,
620 1580 781 1642 equorum
794 1558 969 1624 nominibus
980 1560 1079 1642 proxi-

28 1699 31 1704 ,
137 1663 182 1726 mi
196 1661 321 1725 Oceano
335 1659 536 1743 Ingaevones,
552 1659 647 1723 medii
661 1659 858 1738 Hermiones,
875 1662 970 1724 ceteri
982 1660 1078 1725 Istae-

135 1764 397 1826 vonesrooentur.
436 1757 1077 1841 deamautemntinlioentiavetustatis,

110 1928 113 1934 ,
135 1859 398 1944 pluresdeoortos
413 1859 579 1942 pluresque
594 1861 693 1944 gentis
704 1860 933 1944 appellationes,
944 1860 1079 1938 Marsos,

138 1962 345 2038 Gambrivios,
362 1961 493 2038 Suevos,
508 1959 686 2038 Vandalios,
700 1960 871 2040 affirmant;
895 1983 993 2046 eaque
1006 1985 1079 2028 vera

136 2078 169 2130 et
191 2065 315 2148 antiqua
337 2063 470 2127 nomina.
517 2060 666 2126 Ceterum
691 2061 877 2130 Germaniae
891 2063 1077 2129 vocabulum

136 2186 247 2232 recem
261 2177 293 2229 et
305 2185 403 2246 nuper
417 2163 554 2228 additum
567 2186 575 2242 3
591 2164 746 2247 quoniam,
761 2166 815 2248 qui
828 2165 919 2247 primi
931 2164 1078 2230 Rhenum

138 2268 323 2351 transgressi
346 2265 455 2346 Gallos
483 2265 663 2348 expulerint,
686 2287 723 2330 ac
744 2289 827 2330 nunc
849 2267 980 2353 Tungri,
1003 2281 1076 2334 tunc

138 2368 286 2432 Germani
307 2368 407 2432 vocati
437 2368 521 2431 sint:
555 2368 598 2430 ita
618 2368 747 2432 nationis
768 2390 890 2448 nomen,
921 2392 982 2435 non
1003 2393 1077 2456 gen·

136 2471 177 2536 tis
193 2469 347 2536 evaluisse
363 2468 521 2550 paulatim,
535 2481 571 2534 ut
592 2490 699 2534 omnes
720 2471 855 2552 primum
876 2493 895 2536 a
908 2473 1022 2536 victore
1038 2473 1077 2536 ob

136 2583 266 2648 metum,
281 2591 354 2634 mox
367 2592 387 2634 a
408 2571 518 2652 seipsis
540 2572 662 2635 invento
682 2572 806 2652 nomine
822 2570 973 2638 Germani
986 2596 1077 2638 roca-

136 2686 250 2740 rentur.
306 2663 311 2671 ’

181 2774 242 2839 ΙΙΙ.
265 2773 377 2838 Fuisse
399 2772 481 2856 apud
500 2794 555 2837 eos
577 2786 608 2838 et
629 2772 801 2837 Herculem
822 2787 1001 2852 memorant,
1016 2779 1076 2858 pri-

138 2897 224 2941 mum
301 2876 439 2940 omnium
452 2877 588 2940 virorum
601 2874 726 2940 fortium
743 2875 811 2938 ituri
836 2875 866 2938 11
887 2876 1004 2957 proelia
1025 2899 1076 2942 ca·
1099 2877 1104 2888 ’

137 2999 200 3042 nun
216 3025 223 3040 .
270 2977 351 3040 Sunt
364 2975 424 3041 illis
439 2973 516 3044 haec
530 2997 653 3060 quoque
665 2976 810 3054 calmina,
822 2997 953 3061 quorum
967 2978 1074 3056 relatu,

138 3099 232 3162 quem
252 3079 385 3142 baritum
405 3090 524 3156 vocant,
547 3077 719 3142 accendunt
740 3079 870 3156 animos,
892 3079 1074 3164 futuraeque

137 3199 259 3264 pugnae
273 3178 425 3244 fortunam
439 3181 508 3264 ipso
522 3192 613 3244 cantu
635 3192 841 3264 augurantur:
865 3192 978 3244 terrent
992 3183 1073 3244 enim

138 3280 335 3364 trepidamus,
350 3294 441 3366 prout
455 3283 556 3346 sonuit
578 3283 671 3344 acies.
716 3279 786 3344 Neo
807 3293 872 3345 tam
885 3301 978 3344 voces
993 3281 1073 3357 illae,

138 3405 230 3466 quam
255 3384 376 3448 virtutis
401 3395 568 3446 concentus
596 3381 746 3445 videntur.
790 3380 962 3445 Affectatur
988 3403 1074 3464 prae-

138 3486 226 3567 cipue
252 3484 401 3565 asperitas
423 3484 490 3546 soni
512 3495 543 3545 et
564 3481 694 3545 fractum
715 3501 863 3558 murmur,
887 3481 1014 3566 objectis
1037 3485 1074 3550 ad

138 3608 171 3650 os
186 3586 294 3663 scutis,
310 3605 373 3668 quo
386 3583 504 3665 plenior
524 3595 555 3646 et
576 3583 696 3666 gravior
709 3603 769 3647 vox
788 3604 973 3666 repercussu
995 3586 1074 3649 intu-

138 3701 264 3756 mescat.
310 3686 460 3752 Ceterum
475 3698 505 3750 et
519 3685 642 3750 Ulixem
657 3687 782 3772 quidam
802 3688 962 3769 opinantur
983 3688 1073 3772 longo
