2552 4228
202 305 243 360 28
511 317 541 358 c.
564 315 661 359 cortu.
683 313 819 362 raciuns

201 463 314 527 moris:
338 474 369 526 et
381 463 530 548 poscendi
544 464 677 528 invicem
691 462 800 526 eadem
814 463 955 527 facilitas.
994 463 1141 531 Gaudent

201 564 401 628 muneribus:
439 564 494 628 sed
529 586 587 629 nec
615 565 687 628 data
721 566 881 646 imputant,
910 585 969 629 nec
1003 569 1142 649 acceptis

202 665 383 748 obligantur.
427 665 537 730 Victus
559 667 638 730 inter
658 663 796 750 hospites
818 665 925 730 comis.

243 765 352 830 XXII.
376 768 487 840 Statim
507 788 526 830 e
546 787 663 844 somno,
686 787 780 850 quem
800 768 982 851 plerumque
1004 770 1035 831 in
1056 768 1140 833 diem

202 867 372 944 extrahunt,
405 869 552 943 lavantur,
583 869 706 950 saepius
742 869 850 946 calida,
880 880 915 932 ut
949 869 1031 951 apud
1060 891 1140 953 quos

201 970 367 1051 plurimum
397 969 497 1032 hiems
526 981 666 1050 occupat.
721 967 814 1033 Lauti
850 970 955 1034 cibum
990 972 1139 1054 capiunt:

202 1083 358 1153 separatae
387 1069 517 1154 singulis
546 1069 636 1133 sedes
658 1082 690 1134 et
711 1090 767 1133 sua
788 1072 901 1154 cuique
923 1091 1049 1134 mensa:
1073 1083 1140 1134 tuin

202 1173 240 1236 ad
261 1173 392 1257 negotia,
415 1193 473 1236 nec
494 1172 597 1236 minus
620 1192 712 1256 saepe
735 1171 773 1234 ad
801 1171 948 1248 convivia,
971 1172 1141 1252 procedunt

201 1275 319 1338 armati.
363 1272 457 1337 Diem
484 1286 666 1356 noctemque
695 1273 870 1336 continuare
897 1273 1039 1353 potando,
1063 1273 1141 1336 nulli

201 1375 355 1456 probrum.
410 1373 552 1449 Crebrae,
582 1384 617 1436 ut
644 1373 722 1436 inter
746 1372 926 1449 vinolentos,
952 1373 1046 1450 rixae,
1072 1395 1141 1436 raro

202 1476 359 1551 conviciis,
385 1475 509 1554 saepius
537 1473 632 1536 caede
658 1485 689 1536 ct
714 1473 893 1536 vulneribus
920 1475 1140 1558 transiguntur.

203 1574 267 1638 Sed
281 1587 312 1637 et
326 1573 364 1636 de
379 1573 610 1636 reconciliandis
633 1574 764 1636 invicem
778 1575 911 1638 inimicis
926 1586 958 1638 et
974 1575 1141 1660 jungendis

201 1672 398 1736 affinitatibus
421 1683 451 1735 et
473 1673 660 1736 asciscendis
679 1674 879 1755 principibus,
895 1674 933 1737 de
954 1697 1032 1756 pace
1054 1674 1140 1739 deni·

202 1797 262 1857 que
298 1796 335 1837 ac
365 1772 448 1837 bello
480 1773 661 1858 plerumque
694 1775 726 1838 in
758 1776 906 1839 consitiis
943 1776 1138 1841 consultant:

203 1888 347 1961 tanquam
381 1877 466 1940 nullo
506 1877 606 1961 magis
648 1889 785 1961 tempore
821 1889 874 1940 aut
909 1877 948 1940 ad
984 1878 1140 1958 simplices
1174 1933 1176 1938 .

202 1980 401 2063 cogitationes
422 1989 524 2060 pateat
544 1979 675 2054 animuS,
691 1978 797 2042 autad
815 1999 943 2062 magnas
963 1978 1139 2043 incalescat.

203 2078 290 2143 Gens
318 2102 379 2143 non
407 2091 508 2142 astuta
534 2099 593 2141 nec
622 2079 732 2142 callida
760 2081 857 2164 aperit
885 2078 988 2142 adhuc
1022 2091 1141 2143 secreta

200 2182 332 2262 pectoris
354 2179 477 2243 licentia
494 2179 567 2263 joci.
610 2176 697 2261 Ergo
711 2178 831 2243 detecta
846 2193 876 2244 et
896 2179 980 2243 nuda
1001 2181 1140 2244 omnium

201 2303 289 2346 mens
314 2293 437 2362 postera
458 2278 508 2343 die
529 2291 716 2358 retractatur,
732 2292 764 2344 et
777 2281 862 2346 salva
883 2282 1041 2365 utriusque
1063 2293 1140 2345 tem-

201 2383 282 2464 poris
310 2383 386 2445 ratio
415 2391 483 2444 est:
522 2379 699 2458 deliberant,
728 2381 804 2446 dum
830 2383 946 2467 lingere
974 2383 1138 2460 nesciunt3
1201 2425 1203 2430 -

202 2483 399 2559 constituunt,
416 2477 491 2546 dum
505 2502 604 2545 errare
618 2503 680 2544 non
693 2494 833 2565 possunt.

244 2582 370 2647 XXIII.
393 2583 486 2648 Potui
514 2583 625 2648 humor
650 2605 689 2648 ex
713 2583 827 2648 hordeo
849 2596 902 2649 aut
923 2583 1085 2661 frumento,
1108 2584 1140 2647 in

202 2686 356 2770 quandam
371 2686 602 2752 similitudinem
614 2687 678 2750 vini
693 2699 863 2768 corruptus.
905 2684 1042 2750 Proximi
1055 2687 1139 2768 ripae

202 2800 232 2851 et
246 2790 353 2851 vinum
367 2799 550 2851 mercantur.
596 2785 669 2850 Cibi
692 2787 848 2868 simplices
861 2808 869 2863 ;
893 2787 1024 2869 agrestia
1037 2807 1138 2868 poma,

201 2911 309 2952 recens
323 2889 398 2962 fera,
415 2900 468 2950 aut
488 2887 537 2950 lac
560 2899 748 2950 concretum.
794 2887 869 2949 Sine
892 2899 1048 2969 apparatu,
1073 2887 1139 2950 sine

203 2987 426 3060 blandimentis,
449 2984 605 3065 expellunt
625 2983 750 3048 famem.
793 2983 953 3047 Adversus
976 2986 1058 3049 sitim
1079 3007 1140 3049 non

202 3085 312 3148 eadem
346 3084 556 3164 temperantia.
622 3082 658 3145 Si
693 3083 857 3147 indulseris
893 3084 1031 3149 ebrietati
1067 3108 1139 3170 sug·

204 3185 335 3272 gerendo
364 3195 512 3268 qnantum
548 3183 779 3264 concupiscunt,
808 3182 891 3248 haud
918 3187 1021 3250 minus
1049 3185 1140 3250 facilc

207 3289 295 3365 vitiis,
318 3307 412 3371 quam
434 3285 526 3350 armis
547 3284 717 3348 vincentur.

245 3387 368 3454 XXIV.
392 3387 501 3452 Genus
524 3384 768 3469 spectaculorum
793 3409 892 3453 unum
905 3402 996 3474 atque
1012 3390 1044 3452 in
1058 3411 1140 3454 omni

108 3527 118 3534 —
204 3503 294 3554 coetu
317 3489 409 3552 idem.
454 3488 540 3554 Nudi
558 3488 698 3572 juvenca,
721 3489 833 3571 quibus
855 3490 888 3554 id
908 3490 1061 3554 ludicrum
1083 3503 1140 3568 est,

205 3593 282 3655 inter
303 3588 420 3672 gladios
443 3610 477 3651 se
500 3601 591 3672 atque
613 3587 739 3650 infestas
761 3589 894 3654 frameas
916 3591 996 3653 saltu
1014 3603 1140 3674 jaciunt.

206 3689 392 3755 Exercitatio
405 3701 500 3752 artem
520 3689 646 3770 paravit,
662 3709 710 3751 ars
726 3687 888 3754 decorem:
911 3712 972 3754 non
986 3692 1018 3754 in
1031 3712 1139 3774 quaes·
