<?xml version="1.0" encoding="UTF-8"?>
<!DOCTYPE html PUBLIC "-//W3C//DTD XHTML 1.0 Transitional//EN"
    "http://www.w3.org/TR/xhtml1/DTD/xhtml1-transitional.dtd">
<html xmlns="http://www.w3.org/1999/xhtml" xml:lang="en" lang="en">
 <head>
  <title>
</title>
<meta http-equiv="Content-Type" content="text/html;charset=utf-8" />
  <meta name='ocr-system' content='tesseract 3.04.00' />
  <meta name='ocr-capabilities' content='ocr_page ocr_carea ocr_par ocr_line ocrx_word'/>
</head>
<body>
  <div class='ocr_page' id='page_1' title='image "./germaniaandagri00tylegoog_0089.png"; bbox 0 0 2526 4222; ppageno 0'>
   <div class='ocr_carea' id='block_1_1' title="bbox 184 231 790 290">
    <p class='ocr_par' dir='ltr' id='par_1_1' title="bbox 184 231 790 290">
     <span class='ocr_line' id='line_1_1' title="bbox 184 231 790 290; baseline -0.007 0"><span class='ocrx_word' id='word_1_1' title='bbox 184 231 226 290; x_wconf 75' lang='lat' dir='ltr'>ot</span> <span class='ocrx_word' id='word_1_2' title='bbox 507 246 538 286; x_wconf 92' lang='lat' dir='ltr'>c.</span> <span class='ocrx_word' id='word_1_3' title='bbox 561 243 657 287; x_wconf 80' lang='lat' dir='ltr'>court.</span> <span class='ocrx_word' id='word_1_4' title='bbox 680 243 790 288; x_wconf 74' lang='lat' dir='ltr'>rucrrr</span> 
     </span>
    </p>
   </div>
   <div class='ocr_carea' id='block_1_2' title="bbox 184 390 1146 3004">
    <p class='ocr_par' dir='ltr' id='par_1_2' title="bbox 184 390 1107 474">
     <span class='ocr_line' id='line_1_2' title="bbox 184 390 1107 474; baseline 0.001 -17"><span class='ocrx_word' id='word_1_5' title='bbox 184 394 290 472; x_wconf 80' lang='lat' dir='ltr'>moris,</span> <span class='ocrx_word' id='word_1_6' title='bbox 303 403 394 454; x_wconf 92' lang='lat' dir='ltr'>cantu</span> <span class='ocrx_word' id='word_1_7' title='bbox 410 403 441 454; x_wconf 91' lang='lat' dir='ltr'>et</span> <span class='ocrx_word' id='word_1_8' title='bbox 454 391 577 455; x_wconf 78' lang='lat' dir='ltr'>fremitu</span> <span class='ocrx_word' id='word_1_9' title='bbox 592 390 838 474; x_wconf 80' lang='lat' dir='ltr'><strong>clamoribusque</strong></span> <span class='ocrx_word' id='word_1_10' title='bbox 853 391 998 456; x_wconf 84' lang='lat' dir='ltr'>dissonis.</span> <span class='ocrx_word' id='word_1_11' title='bbox 1037 393 1107 458; x_wconf 88' lang='lat' dir='ltr'>Jam</span> 
     </span>
    </p>

    <p class='ocr_par' dir='ltr' id='par_1_3' title="bbox 185 492 1146 3004">
     <span class='ocr_line' id='line_1_3' title="bbox 185 492 1118 580; baseline 0.002 -23"><span class='ocrx_word' id='word_1_12' title='bbox 185 515 246 577; x_wconf 90' lang='lat' dir='ltr'>que</span> <span class='ocrx_word' id='word_1_13' title='bbox 287 493 420 576; x_wconf 79' lang='lat' dir='ltr'>agmina,</span> <span class='ocrx_word' id='word_1_14' title='bbox 464 503 495 556; x_wconf 84' lang='lat' dir='ltr'>ot</span> <span class='ocrx_word' id='word_1_15' title='bbox 536 513 690 554; x_wconf 90' lang='lat' dir='ltr'>armorum</span> <span class='ocrx_word' id='word_1_16' title='bbox 731 492 867 580; x_wconf 75' lang='lat' dir='ltr'>fulgores</span> <span class='ocrx_word' id='word_1_17' title='bbox 910 493 1118 559; x_wconf 77' lang='lat' dir='ltr'>audentissimi</span> 
     </span>
     <span class='ocr_line' id='line_1_4' title="bbox 185 591 1120 677; baseline 0.002 -20"><span class='ocrx_word' id='word_1_18' title='bbox 185 593 335 677; x_wconf 88' lang='lat' dir='ltr'>cujusque</span> <span class='ocrx_word' id='word_1_19' title='bbox 362 613 531 674; x_wconf 89' lang='lat' dir='ltr'>procursu:</span> <span class='ocrx_word' id='word_1_20' title='bbox 562 591 652 655; x_wconf 90' lang='lat' dir='ltr'>simul</span> <span class='ocrx_word' id='word_1_21' title='bbox 674 593 901 660; x_wconf 81' lang='lat' dir='ltr'>instruebantur</span> <span class='ocrx_word' id='word_1_22' title='bbox 921 596 1029 658; x_wconf 85' lang='lat' dir='ltr'>acies:</span> <span class='ocrx_word' id='word_1_23' title='bbox 1051 619 1120 659; x_wconf 91' lang='lat' dir='ltr'>cum</span> 
     </span>
     <span class='ocr_line' id='line_1_5' title="bbox 185 693 1120 778; baseline 0.003 -20"><span class='ocrx_word' id='word_1_24' title='bbox 185 694 339 778; x_wconf 82' lang='lat' dir='ltr'>Agricola,</span> <span class='ocrx_word' id='word_1_25' title='bbox 355 715 531 778; x_wconf 89' lang='lat' dir='ltr'>quanquam</span> <span class='ocrx_word' id='word_1_26' title='bbox 550 693 666 758; x_wconf 90' lang='lat' dir='ltr'>laetum</span> <span class='ocrx_word' id='word_1_27' title='bbox 681 705 712 757; x_wconf 88' lang='lat' dir='ltr'>et</span> <span class='ocrx_word' id='word_1_28' title='bbox 725 695 777 757; x_wconf 86' lang='lat' dir='ltr'>vix</span> <span class='ocrx_word' id='word_1_29' title='bbox 795 695 995 759; x_wconf 88' lang='lat' dir='ltr'>munimentis</span> <span class='ocrx_word' id='word_1_30' title='bbox 1010 699 1120 761; x_wconf 87' lang='lat' dir='ltr'>coerci-</span> 
     </span>
     <span class='ocr_line' id='line_1_6' title="bbox 185 794 1122 872; baseline 0 -11"><span class='ocrx_word' id='word_1_31' title='bbox 185 810 252 861; x_wconf 91' lang='lat' dir='ltr'>tum</span> <span class='ocrx_word' id='word_1_32' title='bbox 286 797 417 862; x_wconf 91' lang='lat' dir='ltr'>militem</span> <span class='ocrx_word' id='word_1_33' title='bbox 450 794 637 872; x_wconf 79' lang='lat' dir='ltr'>adhortatus,</span> <span class='ocrx_word' id='word_1_34' title='bbox 671 796 711 860; x_wconf 90' lang='lat' dir='ltr'>ita</span> <span class='ocrx_word' id='word_1_35' title='bbox 746 795 914 860; x_wconf 84' lang='lat' dir='ltr'>disseruit:</span> <span class='ocrx_word' id='word_1_36' title='bbox 953 797 1122 861; x_wconf 79' lang='lat' dir='ltr'>“Octavus</span> 
     </span>
     <span class='ocr_line' id='line_1_7' title="bbox 185 897 1124 981; baseline 0.001 -19"><span class='ocrx_word' id='word_1_37' title='bbox 185 919 282 962; x_wconf 85' lang='lat' dir='ltr'>nunus</span> <span class='ocrx_word' id='word_1_38' title='bbox 305 911 362 974; x_wconf 89' lang='lat' dir='ltr'>est,</span> <span class='ocrx_word' id='word_1_39' title='bbox 384 897 619 974; x_wconf 87' lang='lat' dir='ltr'>commilitones,</span> <span class='ocrx_word' id='word_1_40' title='bbox 641 918 681 962; x_wconf 84' lang='lat' dir='ltr'>ex</span> <span class='ocrx_word' id='word_1_41' title='bbox 701 918 763 981; x_wconf 95' lang='lat' dir='ltr'>quo</span> <span class='ocrx_word' id='word_1_42' title='bbox 784 897 895 960; x_wconf 84' lang='lat' dir='ltr'>virtute</span> <span class='ocrx_word' id='word_1_43' title='bbox 918 909 950 960; x_wconf 89' lang='lat' dir='ltr'>et</span> <span class='ocrx_word' id='word_1_44' title='bbox 978 901 1124 981; x_wconf 83' lang='lat' dir='ltr'>auspiciis</span> 
     </span>
     <span class='ocr_line' id='line_1_8' title="bbox 185 997 1123 1082; baseline 0.002 -19"><span class='ocrx_word' id='word_1_45' title='bbox 185 1001 305 1082; x_wconf 90' lang='lat' dir='ltr'>imperii</span> <span class='ocrx_word' id='word_1_46' title='bbox 330 998 464 1064; x_wconf 89' lang='lat' dir='ltr'>Romani</span> <span class='ocrx_word' id='word_1_47' title='bbox 485 998 546 1062; x_wconf 88' lang='lat' dir='ltr'>fide</span> <span class='ocrx_word' id='word_1_48' title='bbox 569 1011 661 1082; x_wconf 88' lang='lat' dir='ltr'>atque</span> <span class='ocrx_word' id='word_1_49' title='bbox 690 1019 785 1082; x_wconf 88' lang='lat' dir='ltr'>opera</span> <span class='ocrx_word' id='word_1_50' title='bbox 808 1010 911 1062; x_wconf 89' lang='lat' dir='ltr'>vestra</span> <span class='ocrx_word' id='word_1_51' title='bbox 934 997 1123 1064; x_wconf 85' lang='lat' dir='ltr'>Britanniam</span> 
     </span>
     <span class='ocr_line' id='line_1_9' title="bbox 186 1100 1122 1183; baseline -0.001 -17"><span class='ocrx_word' id='word_1_52' title='bbox 186 1103 320 1166; x_wconf 87' lang='lat' dir='ltr'>vicistis:</span> <span class='ocrx_word' id='word_1_53' title='bbox 343 1114 388 1166; x_wconf 89' lang='lat' dir='ltr'>tot</span> <span class='ocrx_word' id='word_1_54' title='bbox 401 1100 655 1183; x_wconf 86' lang='lat' dir='ltr'>expeditionibus,</span> <span class='ocrx_word' id='word_1_55' title='bbox 670 1112 715 1164; x_wconf 92' lang='lat' dir='ltr'>tot</span> <span class='ocrx_word' id='word_1_56' title='bbox 727 1100 862 1181; x_wconf 90' lang='lat' dir='ltr'>proeliis,</span> <span class='ocrx_word' id='word_1_57' title='bbox 876 1121 933 1164; x_wconf 88' lang='lat' dir='ltr'>seu</span> <span class='ocrx_word' id='word_1_58' title='bbox 947 1101 1122 1165; x_wconf 85' lang='lat' dir='ltr'>fortitudine</span> 
     </span>
     <span class='ocr_line' id='line_1_10' title="bbox 186 1201 1126 1288; baseline 0 -22"><span class='ocrx_word' id='word_1_59' title='bbox 186 1203 332 1268; x_wconf 77' lang='lat' dir='ltr'>adversus</span> <span class='ocrx_word' id='word_1_60' title='bbox 346 1203 451 1268; x_wconf 86' lang='lat' dir='ltr'>hostes</span> <span class='ocrx_word' id='word_1_61' title='bbox 467 1224 522 1266; x_wconf 91' lang='lat' dir='ltr'>seu</span> <span class='ocrx_word' id='word_1_62' title='bbox 536 1202 688 1288; x_wconf 69' lang='lat' dir='ltr'>patientia,</span> <span class='ocrx_word' id='word_1_63' title='bbox 698 1222 735 1263; x_wconf 92' lang='lat' dir='ltr'>ac</span> <span class='ocrx_word' id='word_1_64' title='bbox 749 1201 851 1266; x_wconf 86' lang='lat' dir='ltr'>labore</span> <span class='ocrx_word' id='word_1_65' title='bbox 865 1223 964 1282; x_wconf 87' lang='lat' dir='ltr'>paene</span> <span class='ocrx_word' id='word_1_66' title='bbox 979 1202 1126 1266; x_wconf 81' lang='lat' dir='ltr'>adversus</span> 
     </span>
     <span class='ocr_line' id='line_1_11' title="bbox 186 1302 1126 1388; baseline 0 -20"><span class='ocrx_word' id='word_1_67' title='bbox 186 1305 286 1386; x_wconf 83' lang='lat' dir='ltr'>ipsam</span> <span class='ocrx_word' id='word_1_68' title='bbox 312 1326 415 1369; x_wconf 88' lang='lat' dir='ltr'>rerum</span> <span class='ocrx_word' id='word_1_69' title='bbox 441 1316 580 1368; x_wconf 88' lang='lat' dir='ltr'>natmam</span> <span class='ocrx_word' id='word_1_70' title='bbox 609 1323 687 1388; x_wconf 88' lang='lat' dir='ltr'>opus</span> <span class='ocrx_word' id='word_1_71' title='bbox 708 1302 776 1379; x_wconf 88' lang='lat' dir='ltr'>fuit,</span> <span class='ocrx_word' id='word_1_72' title='bbox 800 1324 899 1386; x_wconf 89' lang='lat' dir='ltr'>neque</span> <span class='ocrx_word' id='word_1_73' title='bbox 920 1325 973 1367; x_wconf 89' lang='lat' dir='ltr'>me</span> <span class='ocrx_word' id='word_1_74' title='bbox 995 1305 1126 1369; x_wconf 92' lang='lat' dir='ltr'>militum</span> 
     </span>
     <span class='ocr_line' id='line_1_12' title="bbox 185 1403 1127 1489; baseline 0.003 -21"><span class='ocrx_word' id='word_1_75' title='bbox 185 1427 286 1489; x_wconf 89' lang='lat' dir='ltr'>neque</span> <span class='ocrx_word' id='word_1_76' title='bbox 300 1427 355 1468; x_wconf 86' lang='lat' dir='ltr'>ros</span> <span class='ocrx_word' id='word_1_77' title='bbox 369 1405 457 1468; x_wconf 87' lang='lat' dir='ltr'>ducis</span> <span class='ocrx_word' id='word_1_78' title='bbox 471 1405 630 1486; x_wconf 88' lang='lat' dir='ltr'>poenituit.</span> <span class='ocrx_word' id='word_1_79' title='bbox 671 1403 757 1488; x_wconf 88' lang='lat' dir='ltr'>Ergo</span> <span class='ocrx_word' id='word_1_80' title='bbox 772 1406 898 1488; x_wconf 85' lang='lat' dir='ltr'>egressi,</span> <span class='ocrx_word' id='word_1_81' title='bbox 914 1426 975 1488; x_wconf 84' lang='lat' dir='ltr'>ego</span> <span class='ocrx_word' id='word_1_82' title='bbox 990 1419 1127 1470; x_wconf 86' lang='lat' dir='ltr'>veterum</span> 
     </span>
     <span class='ocr_line' id='line_1_13' title="bbox 185 1505 1127 1598; baseline 0.003 -31"><span class='ocrx_word' id='word_1_83' title='bbox 185 1505 365 1587; x_wconf 89' lang='lat' dir='ltr'>legatorum,</span> <span class='ocrx_word' id='word_1_84' title='bbox 390 1526 446 1567; x_wconf 87' lang='lat' dir='ltr'>vos</span> <span class='ocrx_word' id='word_1_85' title='bbox 471 1505 608 1598; x_wconf 77' lang='lat' dir='ltr'>priorum</span> <span class='ocrx_word' id='word_1_86' title='bbox 637 1507 829 1568; x_wconf 88' lang='lat' dir='ltr'>exercituum</span> <span class='ocrx_word' id='word_1_87' title='bbox 852 1507 1009 1582; x_wconf 89' lang='lat' dir='ltr'>terminos,</span> <span class='ocrx_word' id='word_1_88' title='bbox 1035 1508 1127 1570; x_wconf 87' lang='lat' dir='ltr'>finem</span> 
     </span>
     <span class='ocr_line' id='line_1_14' title="bbox 185 1604 1127 1684; baseline 0.005 -17"><span class='ocrx_word' id='word_1_89' title='bbox 185 1604 361 1668; x_wconf 89' lang='lat' dir='ltr'>Britanniae</span> <span class='ocrx_word' id='word_1_90' title='bbox 382 1627 444 1668; x_wconf 92' lang='lat' dir='ltr'>nou</span> <span class='ocrx_word' id='word_1_91' title='bbox 457 1605 540 1669; x_wconf 83' lang='lat' dir='ltr'>fama</span> <span class='ocrx_word' id='word_1_92' title='bbox 561 1625 620 1670; x_wconf 91' lang='lat' dir='ltr'>nec</span> <span class='ocrx_word' id='word_1_93' title='bbox 640 1629 772 1684; x_wconf 89' lang='lat' dir='ltr'>rumore,</span> <span class='ocrx_word' id='word_1_94' title='bbox 789 1607 844 1670; x_wconf 90' lang='lat' dir='ltr'>sed</span> <span class='ocrx_word' id='word_1_95' title='bbox 865 1609 973 1672; x_wconf 84' lang='lat' dir='ltr'>castris</span> <span class='ocrx_word' id='word_1_96' title='bbox 990 1621 1022 1672; x_wconf 88' lang='lat' dir='ltr'>et</span> <span class='ocrx_word' id='word_1_97' title='bbox 1036 1611 1127 1672; x_wconf 88' lang='lat' dir='ltr'>armis</span> 
     </span>
     <span class='ocr_line' id='line_1_15' title="bbox 186 1705 1127 1792; baseline 0.004 -22"><span class='ocrx_word' id='word_1_98' title='bbox 186 1719 338 1770; x_wconf 90' lang='lat' dir='ltr'>tenemus.</span> <span class='ocrx_word' id='word_1_99' title='bbox 382 1705 509 1790; x_wconf 73' lang='lat' dir='ltr'>Inventa</span> <span class='ocrx_word' id='word_1_100' title='bbox 543 1705 701 1772; x_wconf 85' lang='lat' dir='ltr'>Britannia</span> <span class='ocrx_word' id='word_1_101' title='bbox 729 1721 760 1772; x_wconf 89' lang='lat' dir='ltr'>et</span> <span class='ocrx_word' id='word_1_102' title='bbox 788 1709 925 1772; x_wconf 88' lang='lat' dir='ltr'>subacta.</span> <span class='ocrx_word' id='word_1_103' title='bbox 969 1709 1127 1792; x_wconf 89' lang='lat' dir='ltr'>Equidem</span> 
     </span>
     <span class='ocr_line' id='line_1_16' title="bbox 187 1808 1127 1894; baseline 0.003 -23"><span class='ocrx_word' id='word_1_104' title='bbox 187 1829 279 1889; x_wconf 90' lang='lat' dir='ltr'>saepe</span> <span class='ocrx_word' id='word_1_105' title='bbox 316 1808 349 1871; x_wconf 90' lang='lat' dir='ltr'>in</span> <span class='ocrx_word' id='word_1_106' title='bbox 383 1809 515 1892; x_wconf 88' lang='lat' dir='ltr'>agmine,</span> <span class='ocrx_word' id='word_1_107' title='bbox 544 1830 617 1873; x_wconf 90' lang='lat' dir='ltr'>cum</span> <span class='ocrx_word' id='word_1_108' title='bbox 645 1831 700 1872; x_wconf 88' lang='lat' dir='ltr'>vos</span> <span class='ocrx_word' id='word_1_109' title='bbox 735 1810 864 1894; x_wconf 87' lang='lat' dir='ltr'>paludes</span> <span class='ocrx_word' id='word_1_110' title='bbox 899 1823 1061 1874; x_wconf 85' lang='lat' dir='ltr'>montesve</span> <span class='ocrx_word' id='word_1_111' title='bbox 1097 1826 1127 1874; x_wconf 90' lang='lat' dir='ltr'>et</span> 
     </span>
     <span class='ocr_line' id='line_1_17' title="bbox 187 1909 1128 1996; baseline 0.002 -22"><span class='ocrx_word' id='word_1_112' title='bbox 187 1911 316 1974; x_wconf 88' lang='lat' dir='ltr'>fiumina</span> <span class='ocrx_word' id='word_1_113' title='bbox 344 1909 515 1994; x_wconf 84' lang='lat' dir='ltr'>fatigarent,</span> <span class='ocrx_word' id='word_1_114' title='bbox 537 1910 695 1974; x_wconf 86' lang='lat' dir='ltr'>fortissimi</span> <span class='ocrx_word' id='word_1_115' title='bbox 725 1911 876 1996; x_wconf 87' lang='lat' dir='ltr'>cujusque</span> <span class='ocrx_word' id='word_1_116' title='bbox 901 1933 995 1974; x_wconf 86' lang='lat' dir='ltr'>voees</span> <span class='ocrx_word' id='word_1_117' title='bbox 1024 1913 1128 1976; x_wconf 92' lang='lat' dir='ltr'>audie-</span> 
     </span>
     <span class='ocr_line' id='line_1_18' title="bbox 187 2011 1146 2094; baseline -0.003 -20"><span class='ocrx_word' id='word_1_118' title='bbox 187 2011 269 2088; x_wconf 91' lang='lat' dir='ltr'>bam,</span> <span class='ocrx_word' id='word_1_119' title='bbox 286 2011 419 2086; x_wconf 85' lang='lat' dir='ltr'>Quando</span> <span class='ocrx_word' id='word_1_120' title='bbox 432 2011 553 2076; x_wconf 87' lang='lat' dir='ltr'>dabitur</span> <span class='ocrx_word' id='word_1_121' title='bbox 574 2011 682 2086; x_wconf 88' lang='lat' dir='ltr'>hostis,</span> <span class='ocrx_word' id='word_1_122' title='bbox 696 2012 817 2094; x_wconf 89' lang='lat' dir='ltr'>quando</span> <span class='ocrx_word' id='word_1_123' title='bbox 831 2011 938 2076; x_wconf 73' lang='lat' dir='ltr'>acies?</span> <span class='ocrx_word' id='word_1_124' title='bbox 980 2011 1146 2090; x_wconf 61' lang='lat' dir='ltr'>Veniunt„</span> 
     </span>
     <span class='ocr_line' id='line_1_19' title="bbox 188 2113 1129 2197; baseline 0.002 -21"><span class='ocrx_word' id='word_1_125' title='bbox 188 2135 206 2176; x_wconf 87' lang='lat' dir='ltr'>e</span> <span class='ocrx_word' id='word_1_126' title='bbox 227 2113 351 2178; x_wconf 85' lang='lat' dir='ltr'>latebris</span> <span class='ocrx_word' id='word_1_127' title='bbox 381 2113 446 2176; x_wconf 90' lang='lat' dir='ltr'>suis</span> <span class='ocrx_word' id='word_1_128' title='bbox 475 2113 612 2178; x_wconf 84' lang='lat' dir='ltr'>extrusi:</span> <span class='ocrx_word' id='word_1_129' title='bbox 636 2125 667 2177; x_wconf 91' lang='lat' dir='ltr'>et</span> <span class='ocrx_word' id='word_1_130' title='bbox 687 2126 757 2177; x_wconf 87' lang='lat' dir='ltr'>vota</span> <span class='ocrx_word' id='word_1_131' title='bbox 777 2115 936 2197; x_wconf 84' lang='lat' dir='ltr'>virtusque</span> <span class='ocrx_word' id='word_1_132' title='bbox 959 2115 991 2178; x_wconf 91' lang='lat' dir='ltr'>in</span> <span class='ocrx_word' id='word_1_133' title='bbox 1013 2127 1129 2196; x_wconf 88' lang='lat' dir='ltr'>aperto,</span> 
     </span>
     <span class='ocr_line' id='line_1_20' title="bbox 189 2215 1130 2298; baseline 0.002 -22"><span class='ocrx_word' id='word_1_134' title='bbox 189 2215 351 2296; x_wconf 89' lang='lat' dir='ltr'>omniaque</span> <span class='ocrx_word' id='word_1_135' title='bbox 396 2235 491 2294; x_wconf 90' lang='lat' dir='ltr'>prona</span> <span class='ocrx_word' id='word_1_136' title='bbox 532 2215 709 2290; x_wconf 84' lang='lat' dir='ltr'>victoribus,</span> <span class='ocrx_word' id='word_1_137' title='bbox 752 2226 847 2298; x_wconf 90' lang='lat' dir='ltr'>atque</span> <span class='ocrx_word' id='word_1_138' title='bbox 887 2215 996 2278; x_wconf 88' lang='lat' dir='ltr'>eadem</span> <span class='ocrx_word' id='word_1_139' title='bbox 1037 2217 1130 2279; x_wconf 86' lang='lat' dir='ltr'>victis</span> 
     </span>
     <span class='ocr_line' id='line_1_21' title="bbox 188 2312 1130 2396; baseline 0.003 -20"><span class='ocrx_word' id='word_1_140' title='bbox 188 2313 325 2376; x_wconf 86' lang='lat' dir='ltr'>adversa.</span> <span class='ocrx_word' id='word_1_141' title='bbox 369 2312 462 2389; x_wconf 90' lang='lat' dir='ltr'>Nam,</span> <span class='ocrx_word' id='word_1_142' title='bbox 485 2327 520 2378; x_wconf 89' lang='lat' dir='ltr'>ut</span> <span class='ocrx_word' id='word_1_143' title='bbox 542 2335 704 2396; x_wconf 88' lang='lat' dir='ltr'>superasse</span> <span class='ocrx_word' id='word_1_144' title='bbox 732 2327 851 2379; x_wconf 88' lang='lat' dir='ltr'>tantum</span> <span class='ocrx_word' id='word_1_145' title='bbox 879 2317 1006 2392; x_wconf 89' lang='lat' dir='ltr'>itineris,</span> <span class='ocrx_word' id='word_1_146' title='bbox 1034 2316 1130 2380; x_wconf 85' lang='lat' dir='ltr'>silvas</span> 
     </span>
     <span class='ocr_line' id='line_1_22' title="bbox 188 2413 1130 2500; baseline 0.005 -24"><span class='ocrx_word' id='word_1_147' title='bbox 188 2414 333 2488; x_wconf 84' lang='lat' dir='ltr'>evasisse,</span> <span class='ocrx_word' id='word_1_148' title='bbox 363 2415 508 2478; x_wconf 86' lang='lat' dir='ltr'>transisse</span> <span class='ocrx_word' id='word_1_149' title='bbox 537 2418 689 2479; x_wconf 87' lang='lat' dir='ltr'>aestuaria</span> <span class='ocrx_word' id='word_1_150' title='bbox 716 2413 881 2500; x_wconf 91' lang='lat' dir='ltr'>pulchrum</span> <span class='ocrx_word' id='word_1_151' title='bbox 912 2437 949 2479; x_wconf 88' lang='lat' dir='ltr'>ac</span> <span class='ocrx_word' id='word_1_152' title='bbox 980 2416 1130 2481; x_wconf 89' lang='lat' dir='ltr'>decorum</span> 
     </span>
     <span class='ocr_line' id='line_1_23' title="bbox 189 2512 1130 2602; baseline 0.002 -24"><span class='ocrx_word' id='word_1_153' title='bbox 189 2517 220 2578; x_wconf 90' lang='lat' dir='ltr'>iu</span> <span class='ocrx_word' id='word_1_154' title='bbox 252 2512 407 2593; x_wconf 83' lang='lat' dir='ltr'>frontem;</span> <span class='ocrx_word' id='word_1_155' title='bbox 444 2517 487 2580; x_wconf 93' lang='lat' dir='ltr'>ita</span> <span class='ocrx_word' id='word_1_156' title='bbox 517 2515 705 2600; x_wconf 85' lang='lat' dir='ltr'>fugientibus</span> <span class='ocrx_word' id='word_1_157' title='bbox 740 2518 1010 2599; x_wconf 88' lang='lat' dir='ltr'>periculosissima,</span> <span class='ocrx_word' id='word_1_158' title='bbox 1048 2540 1130 2602; x_wconf 85' lang='lat' dir='ltr'>quae</span> 
     </span>
     <span class='ocr_line' id='line_1_24' title="bbox 189 2615 1129 2702; baseline 0 -22"><span class='ocrx_word' id='word_1_159' title='bbox 189 2615 279 2680; x_wconf 91' lang='lat' dir='ltr'>hodie</span> <span class='ocrx_word' id='word_1_160' title='bbox 291 2617 500 2700; x_wconf 87' lang='lat' dir='ltr'>prosperrima</span> <span class='ocrx_word' id='word_1_161' title='bbox 511 2632 591 2683; x_wconf 91' lang='lat' dir='ltr'>sunt.</span> <span class='ocrx_word' id='word_1_162' title='bbox 635 2618 748 2702; x_wconf 89' lang='lat' dir='ltr'>Neque</span> <span class='ocrx_word' id='word_1_163' title='bbox 771 2621 854 2682; x_wconf 91' lang='lat' dir='ltr'>enim</span> <span class='ocrx_word' id='word_1_164' title='bbox 875 2619 963 2681; x_wconf 90' lang='lat' dir='ltr'>nobis</span> <span class='ocrx_word' id='word_1_165' title='bbox 978 2630 1032 2681; x_wconf 88' lang='lat' dir='ltr'>aut</span> <span class='ocrx_word' id='word_1_166' title='bbox 1045 2619 1129 2681; x_wconf 89' lang='lat' dir='ltr'>loco-</span> 
     </span>
     <span class='ocr_line' id='line_1_25' title="bbox 189 2718 1129 2786; baseline -0.002 -4"><span class='ocrx_word' id='word_1_167' title='bbox 189 2741 257 2786; x_wconf 87' lang='lat' dir='ltr'>rum</span> <span class='ocrx_word' id='word_1_168' title='bbox 273 2719 382 2784; x_wconf 90' lang='lat' dir='ltr'>eadem</span> <span class='ocrx_word' id='word_1_169' title='bbox 396 2722 501 2784; x_wconf 88' lang='lat' dir='ltr'>notitia</span> <span class='ocrx_word' id='word_1_170' title='bbox 523 2733 576 2784; x_wconf 85' lang='lat' dir='ltr'>aut</span> <span class='ocrx_word' id='word_1_171' title='bbox 589 2725 819 2784; x_wconf 89' lang='lat' dir='ltr'>commeatuum</span> <span class='ocrx_word' id='word_1_172' title='bbox 842 2719 949 2782; x_wconf 85' lang='lat' dir='ltr'>eadem</span> <span class='ocrx_word' id='word_1_173' title='bbox 971 2718 1129 2782; x_wconf 89' lang='lat' dir='ltr'>abundan-</span> 
     </span>
     <span class='ocr_line' id='line_1_26' title="bbox 190 2818 1131 2891; baseline -0.003 -6"><span class='ocrx_word' id='word_1_174' title='bbox 190 2823 232 2886; x_wconf 89' lang='lat' dir='ltr'>tia</span> <span class='ocrx_word' id='word_1_175' title='bbox 245 2842 252 2883; x_wconf 91' lang='lat'>:</span> <span class='ocrx_word' id='word_1_176' title='bbox 266 2821 329 2884; x_wconf 55' lang='lat' dir='ltr'>‘sed</span> <span class='ocrx_word' id='word_1_177' title='bbox 357 2843 467 2884; x_wconf 88' lang='lat' dir='ltr'>manus</span> <span class='ocrx_word' id='word_1_178' title='bbox 485 2834 521 2884; x_wconf 90' lang='lat' dir='ltr'>-et</span> <span class='ocrx_word' id='word_1_179' title='bbox 541 2843 625 2884; x_wconf 84' lang='lat' dir='ltr'>arma</span> <span class='ocrx_word' id='word_1_180' title='bbox 647 2833 678 2883; x_wconf 88' lang='lat' dir='ltr'>et</span> <span class='ocrx_word' id='word_1_181' title='bbox 698 2822 729 2884; x_wconf 89' lang='lat' dir='ltr'>iu</span> <span class='ocrx_word' id='word_1_182' title='bbox 751 2821 799 2884; x_wconf 91' lang='lat' dir='ltr'>his</span> <span class='ocrx_word' id='word_1_183' title='bbox 826 2822 936 2884; x_wconf 86' lang='lat' dir='ltr'>omnia.</span> <span class='ocrx_word' id='word_1_184' title='bbox 980 2818 1076 2891; x_wconf 83' lang='lat' dir='ltr'>Quod</span> <span class='ocrx_word' id='word_1_185' title='bbox 1090 2821 1131 2882; x_wconf 92' lang='lat' dir='ltr'>ad</span> 
     </span>
     <span class='ocr_line' id='line_1_27' title="bbox 190 2921 1129 3004; baseline -0.002 -20"><span class='ocrx_word' id='word_1_186' title='bbox 190 2942 240 2984; x_wconf 91' lang='lat' dir='ltr'>me</span> <span class='ocrx_word' id='word_1_187' title='bbox 270 2923 384 2996; x_wconf 86' lang='lat' dir='ltr'>attinet,</span> <span class='ocrx_word' id='word_1_188' title='bbox 411 2922 476 3004; x_wconf 88' lang='lat' dir='ltr'>jam</span> <span class='ocrx_word' id='word_1_189' title='bbox 502 2921 619 3000; x_wconf 88' lang='lat' dir='ltr'>pridem</span> <span class='ocrx_word' id='word_1_190' title='bbox 648 2921 724 2984; x_wconf 90' lang='lat' dir='ltr'>mihi</span> <span class='ocrx_word' id='word_1_191' title='bbox 752 2921 909 2986; x_wconf 87' lang='lat' dir='ltr'>decretum</span> <span class='ocrx_word' id='word_1_192' title='bbox 938 2935 995 2996; x_wconf 90' lang='lat' dir='ltr'>est,</span> <span class='ocrx_word' id='word_1_193' title='bbox 1024 2941 1129 3003; x_wconf 88' lang='lat' dir='ltr'>neque</span> 
     </span>
    </p>
   </div>
   <div class='ocr_carea' id='block_1_3' title="bbox 87 3019 1129 3103">
    <p class='ocr_par' dir='ltr' id='par_1_4' title="bbox 87 3019 1129 3103">
     <span class='ocr_line' id='line_1_28' title="bbox 87 3019 1129 3103; baseline 0.001 -19"><span class='ocrx_word' id='word_1_194' title='bbox 87 3019 92 3023; x_wconf 69' lang='grc'><strong>’</strong></span> <span class='ocrx_word' id='word_1_195' title='bbox 190 3021 341 3084; x_wconf 86' lang='lat' dir='ltr'>exercitus</span> <span class='ocrx_word' id='word_1_196' title='bbox 369 3041 470 3103; x_wconf 88' lang='lat' dir='ltr'>neque</span> <span class='ocrx_word' id='word_1_197' title='bbox 492 3020 580 3082; x_wconf 88' lang='lat' dir='ltr'>ducis</span> <span class='ocrx_word' id='word_1_198' title='bbox 609 3033 695 3103; x_wconf 82' lang='lat' dir='ltr'>terga</span> <span class='ocrx_word' id='word_1_199' title='bbox 723 3035 788 3086; x_wconf 90' lang='lat' dir='ltr'>tuta</span> <span class='ocrx_word' id='word_1_200' title='bbox 816 3045 896 3086; x_wconf 91' lang='lat' dir='ltr'>esse.</span> <span class='ocrx_word' id='word_1_201' title='bbox 939 3019 1073 3085; x_wconf 87' lang='lat' dir='ltr'>Proinde</span> <span class='ocrx_word' id='word_1_202' title='bbox 1100 3035 1129 3085; x_wconf 91' lang='lat' dir='ltr'>et</span> 
     </span>
    </p>
   </div>
   <div class='ocr_carea' id='block_1_4' title="bbox 190 3123 1149 3510">
    <p class='ocr_par' dir='ltr' id='par_1_5' title="bbox 190 3123 1129 3205">
     <span class='ocr_line' id='line_1_29' title="bbox 190 3123 1129 3205; baseline 0 -19"><span class='ocrx_word' id='word_1_203' title='bbox 190 3123 317 3186; x_wconf 89' lang='lat' dir='ltr'>honesta</span> <span class='ocrx_word' id='word_1_204' title='bbox 344 3142 427 3184; x_wconf 86' lang='lat' dir='ltr'>mors</span> <span class='ocrx_word' id='word_1_205' title='bbox 455 3123 546 3203; x_wconf 91' lang='lat' dir='ltr'>turpi</span> <span class='ocrx_word' id='word_1_206' title='bbox 563 3123 626 3185; x_wconf 87' lang='lat' dir='ltr'>vita</span> <span class='ocrx_word' id='word_1_207' title='bbox 653 3124 773 3205; x_wconf 89' lang='lat' dir='ltr'>potior;</span> <span class='ocrx_word' id='word_1_208' title='bbox 811 3137 842 3188; x_wconf 89' lang='lat' dir='ltr'>et</span> <span class='ocrx_word' id='word_1_209' title='bbox 870 3124 1063 3187; x_wconf 87' lang='lat' dir='ltr'>incolumitas</span> <span class='ocrx_word' id='word_1_210' title='bbox 1093 3145 1129 3186; x_wconf 88' lang='lat' dir='ltr'>ac</span> 
     </span>
    </p>

    <p class='ocr_par' dir='ltr' id='par_1_6' title="bbox 190 3223 1149 3308">
     <span class='ocr_line' id='line_1_30' title="bbox 190 3223 1149 3308; baseline -0.002 -20"><span class='ocrx_word' id='word_1_211' title='bbox 190 3225 286 3288; x_wconf 87' lang='lat' dir='ltr'>decus</span> <span class='ocrx_word' id='word_1_212' title='bbox 309 3224 418 3288; x_wconf 91' lang='lat' dir='ltr'>eodem</span> <span class='ocrx_word' id='word_1_213' title='bbox 439 3223 508 3287; x_wconf 94' lang='lat' dir='ltr'>loco</span> <span class='ocrx_word' id='word_1_214' title='bbox 530 3225 588 3288; x_wconf 89' lang='lat' dir='ltr'>sita</span> <span class='ocrx_word' id='word_1_215' title='bbox 610 3237 702 3287; x_wconf 86' lang='lat' dir='ltr'>sunt:</span> <span class='ocrx_word' id='word_1_216' title='bbox 725 3247 783 3287; x_wconf 88' lang='lat' dir='ltr'>nec</span> <span class='ocrx_word' id='word_1_217' title='bbox 804 3226 967 3308; x_wconf 85' lang='lat' dir='ltr'>inglorium</span> <span class='ocrx_word' id='word_1_218' title='bbox 981 3225 1084 3301; x_wconf 84' lang='lat' dir='ltr'>fuerit,</span> <span class='ocrx_word' id='word_1_219' title='bbox 1099 3227 1149 3287; x_wconf 81' lang='lat' dir='ltr'>iu·</span> 
     </span>
    </p>

    <p class='ocr_par' dir='ltr' id='par_1_7' title="bbox 191 3321 1139 3510">
     <span class='ocr_line' id='line_1_31' title="bbox 191 3321 1021 3406; baseline 0.001 -18"><span class='ocrx_word' id='word_1_220' title='bbox 191 3327 258 3406; x_wconf 87' lang='lat' dir='ltr'>ipso</span> <span class='ocrx_word' id='word_1_221' title='bbox 272 3341 419 3390; x_wconf 88' lang='lat' dir='ltr'>terrarum</span> <span class='ocrx_word' id='word_1_222' title='bbox 434 3348 471 3389; x_wconf 91' lang='lat' dir='ltr'>ac</span> <span class='ocrx_word' id='word_1_223' title='bbox 485 3339 609 3390; x_wconf 85' lang='lat' dir='ltr'>naturae</span> <span class='ocrx_word' id='word_1_224' title='bbox 624 3327 684 3388; x_wconf 87' lang='lat' dir='ltr'>fine</span> <span class='ocrx_word' id='word_1_225' title='bbox 699 3327 880 3390; x_wconf 89' lang='lat' dir='ltr'>cecidisse.”</span> <span class='ocrx_word' id='word_1_226' title='bbox 1005 3321 1021 3340; x_wconf 55' lang='lat'><strong>⁸</strong></span> 
     </span>
     <span class='ocr_line' id='line_1_32' title="bbox 232 3423 1139 3510; baseline 0.001 -23"><span class='ocrx_word' id='word_1_227' title='bbox 232 3423 375 3487; x_wconf 89' lang='lat' dir='ltr'>XXXIV.</span> <span class='ocrx_word' id='word_1_228' title='bbox 400 3427 465 3490; x_wconf 84' lang='lat' dir='ltr'>“Si</span> <span class='ocrx_word' id='word_1_229' title='bbox 480 3449 576 3490; x_wconf 88' lang='lat' dir='ltr'>novae</span> <span class='ocrx_word' id='word_1_230' title='bbox 598 3439 705 3509; x_wconf 86' lang='lat' dir='ltr'>gentes</span> <span class='ocrx_word' id='word_1_231' title='bbox 727 3439 818 3509; x_wconf 89' lang='lat' dir='ltr'>atque</span> <span class='ocrx_word' id='word_1_232' title='bbox 834 3430 937 3510; x_wconf 86' lang='lat' dir='ltr'>ignota</span> <span class='ocrx_word' id='word_1_233' title='bbox 959 3428 1041 3490; x_wconf 90' lang='lat' dir='ltr'>acies</span> <span class='ocrx_word' id='word_1_234' title='bbox 1058 3435 1139 3510; x_wconf 33' lang='lat' dir='ltr'>ton‘</span> 
     </span>
    </p>
   </div>
   <div class='ocr_carea' id='block_1_5' title="bbox 193 3525 1132 3695">
    <p class='ocr_par' dir='ltr' id='par_1_8' title="bbox 193 3525 1132 3695">
     <span class='ocr_line' id='line_1_33' title="bbox 193 3525 1132 3607; baseline 0.005 -20"><span class='ocrx_word' id='word_1_235' title='bbox 193 3526 329 3599; x_wconf 86' lang='lat' dir='ltr'>stitisset,</span> <span class='ocrx_word' id='word_1_236' title='bbox 354 3525 482 3588; x_wconf 89' lang='lat' dir='ltr'>aliorum</span> <span class='ocrx_word' id='word_1_237' title='bbox 504 3529 694 3589; x_wconf 85' lang='lat' dir='ltr'>exercituum</span> <span class='ocrx_word' id='word_1_238' title='bbox 722 3529 870 3607; x_wconf 87' lang='lat' dir='ltr'>exemplis</span> <span class='ocrx_word' id='word_1_239' title='bbox 892 3550 947 3591; x_wconf 85' lang='lat' dir='ltr'>vos</span> <span class='ocrx_word' id='word_1_240' title='bbox 976 3528 1132 3592; x_wconf 85' lang='lat' dir='ltr'>hortarer.</span> 
     </span>
     <span class='ocr_line' id='line_1_34' title="bbox 194 3623 1125 3695; baseline 0.004 -9"><span class='ocrx_word' id='word_1_241' title='bbox 194 3639 271 3686; x_wconf 84' lang='lat' dir='ltr'>nunc</span> <span class='ocrx_word' id='word_1_242' title='bbox 295 3634 395 3684; x_wconf 84' lang='lat' dir='ltr'>vestra</span> <span class='ocrx_word' id='word_1_243' title='bbox 409 3623 520 3686; x_wconf 87' lang='lat' dir='ltr'>decora</span> <span class='ocrx_word' id='word_1_244' title='bbox 545 3635 712 3695; x_wconf 88' lang='lat' dir='ltr'>recensete,</span> <span class='ocrx_word' id='word_1_245' title='bbox 727 3638 846 3687; x_wconf 87' lang='lat' dir='ltr'>vestros</span> <span class='ocrx_word' id='word_1_246' title='bbox 873 3628 979 3690; x_wconf 88' lang='lat' dir='ltr'>oculos</span> <span class='ocrx_word' id='word_1_247' title='bbox 1006 3630 1125 3690; x_wconf 86' lang='lat' dir='ltr'>interro</span> 
     </span>
    </p>
   </div>
   <div class='ocr_carea' id='block_1_6' title="bbox 0 0 1280 4222">
    <p class='ocr_par' dir='ltr' id='par_1_9' title="bbox 0 0 1280 4222">
     <span class='ocr_line' id='line_1_35' title="bbox 0 0 1280 4222; baseline 0 0"><span class='ocrx_word' id='word_1_248' title='bbox 0 0 1280 4222; x_wconf 95' lang='lat' dir='ltr'> </span> 
     </span>
    </p>
   </div>
  </div>
 </body>
</html>
