2552 4228
510 333 681 377 nonrconn.
1030 317 1070 378 te

115 481 306 564 superstites
333 501 452 557 sumus,
480 481 631 563 exemptis
653 502 671 544 e
693 479 796 544 medis
817 479 880 544 vita
906 491 951 545 tot
971 482 1069 559 annis,

116 585 236 668 quibus
259 584 390 668 juvenes
413 582 453 646 ed
474 593 675 659 senectutem,
692 603 783 646 senes
808 603 902 668 prope
925 581 964 646 ad
985 584 1069 665 ipsos

116 697 250 748 exactae
265 686 374 748 aetatis
395 685 541 747 terminos
555 705 611 765 per
631 682 787 748 silentium
800 685 952 758 venimus.
997 683 1069 748 Non

118 798 228 850 tamen
252 786 370 870 pigebit
382 785 433 849 vel
458 785 612 849 incondite
638 807 675 848 ac
696 785 765 848 rudi
786 807 863 849 voce
888 788 1069 850 memoriam

116 888 232 969 prioris
247 888 401 951 servitutis
416 908 452 950 ec
466 887 676 951 testimonium
697 889 906 969 praesentium
918 888 1069 952 bonorum

119 989 348 1070 composuisse.
402 987 468 1052 Hic
502 990 624 1052 interim
659 989 738 1052 liber
772 989 877 1053 honori
906 990 1068 1074 Agricolae

120 1091 225 1154 soceri
240 1091 303 1154 mei
317 1090 497 1167 destinatus,
512 1090 704 1172 professione
723 1091 845 1172 pietatis
860 1104 914 1154 eut
926 1091 1066 1154 laudatus

120 1191 182 1254 erit
196 1202 250 1252 aut
261 1202 437 1254 excusatus.

166 1289 225 1353 IV.
257 1291 389 1354 Census
419 1290 533 1355 Jurnus
562 1291 743 1367 Aenroons,
773 1292 867 1356 veteri
897 1303 928 1354 et
959 1291 1066 1357 illustn'

121 1389 383 1475 Forojulicnsiurn
411 1391 531 1456 colonia
560 1404 655 1469 ortus,
686 1403 851 1475 utrumque
880 1412 972 1455 avum
1000 1414 1067 1473 pro·
1150 1475 1153 1484 ,
1188 1430 1193 1440 ·

80 1533 86 1537 -
121 1503 297 1556 curatorem
318 1493 489 1557 Caesarum
510 1492 635 1558 habuit:
659 1515 738 1579 quae
754 1495 905 1577 equestris
925 1494 1067 1558 nobilitas

121 1607 182 1658 est.
227 1593 321 1658 Pater
342 1593 446 1660 Julius
462 1594 645 1672 Graecinus,
661 1597 804 1660 senatorii
825 1596 950 1674 ordinis,
966 1596 1068 1660 studio

125 1690 325 1776 eloquentiae
338 1688 568 1774 sapientiaeque
580 1698 683 1771 notus,
697 1690 798 1776 iisque
811 1691 890 1775 ipsis
900 1695 1068 1763 virtunbus

124 1789 207 1854 iram
219 1787 289 1854 caii
301 1787 607 1854 Ocessrismeritus:
628 1787 1068 1873 nemqueM.Silsnu1nacou·

124 1910 198 1954 sore
208 1889 317 1974 jussos
339 1896 379 1967 et,
414 1885 468 1950 uie
488 1886 648 1964 abnuerat,
664 1884 847 1950 interfectus
862 1896 918 1951 est.
962 1890 1068 1957 Mater

124 1986 149 2052 J
151 1987 216 2052 ulio
230 1985 364 2052 Procillu
377 1985 446 2064 fuit,
462 2003 552 2048 rarae
574 1982 751 2048 eastitatis:
772 1983 807 2048 in
828 1983 922 2070 hujus
938 1987 1008 2052 sinu
1022 1990 1066 2054 in=

126 2084 350 2170 dulgentioque
365 2082 520 2163 educatus,
536 2083 593 2166 p'er
607 2102 726 2146 omnem
739 2081 939 2148 honestarum
953 2069 1065 2153 artium

124 2185 245 2250 cultum
259 2181 424 2267 pueritiam
445 2179 632 2245 adolescent·
610 2187 747 2265 namque
760 2182 924 2268 transegit.
967 2185 1066 2252 Arca

123 2283 182 2348 bat
207 2304 279 2346 eum
292 2281 332 2346 ab
346 2279 503 2344 illecebris
517 2279 720 2364 peccantium,
742 2281 902 2362 praeter
893 2282 993 2366 1psius
1015 2286 1065 2352 bo

122 2401 198 2446 nom
208 2380 422 2464 integramque
431 2385 583 2459 naturam,
594 2377 734 2463 quods
716 2378 950 2464 tmparvulus
960 2379 1065 2452 sedem

121 2501 161 2544 oc
191 2477 374 2562 magistram
403 2475 575 2542 studiorum
609 2475 786 2542 Massiliam
816 2477 935 2562 hebuit,
963 2482 1064 2549 locum

122 2575 248 2639 Graece
276 2576 417 2640 comitate
447 2588 479 2641 et
505 2577 685 2664 provinciali
720 2577 906 2658 parsimonia
939 2579 1065 2642 mistum
1161 2649 1170 2660 .

121 2699 159 2740 oc
174 2676 254 2740 benc
277 2679 492 2762 compositum.
534 2676 689 2742 Memoria
710 2689 801 2740 teneo
823 2677 948 2739 solitum
962 2679 1065 2761 ipsum

121 2800 254 2856 narrare,
284 2799 318 2842 se
347 2780 380 2842 in
406 2781 504 2861 prima
535 2780 661 2865 juventa
690 2777 825 2842 studium
854 2776 1065 2862 philosophiae

122 2881 235 2956 acrius,
258 2879 452 2966 ultraquam
481 2903 665 2946 concessum
691 2879 833 2944 Romano
862 2900 898 2942 ac
925 2879 1065 2956 senatori,

113 2980 505 3094 ·l1ausisse,·n1prudentia
526 2984 631 3047 matris
653 2983 815 3046 incensum
836 3003 873 3046 ac
886 2981 1065 3064 flagrantem

122 3103 262 3166 nmmum
297 3084 495 3148 coercuisset.
551 3083 678 3148 Scilicet
709 3083 841 3148 sublime
870 3094 902 3147 et
929 3096 1012 3147 erect
1015 3105 1092 3170 um,

122 3185 282 3268 ingenium
306 3181 587 3267 pulchritudinem
587 3207 624 3248 ac
646 3185 784 3270 speciem
812 3185 952 3249 excelsae
981 3205 1065 3266 meg·

122 3306 244 3370 necque
266 3285 381 3370 gloriae
402 3285 627 3364 vehementius,
643 3308 736 3384 quern
750 3298 858 3394 caute,
882 3284 1064 3365 appetebat:

122 3408 196 3450 mox
224 3389 375 3472 mitigavit
402 3389 479 3452 ratio
504 3401 536 3453 et
557 3402 660 3452 aetas:
690 3359 886 3492 retinuitque,
909 3383 992 3466 quod
1020 3396 1066 3448 est

124 3488 351 3565 difficillimum,
366 3512 405 3554 ex
421 3492 538 3572 sapient
539 3492 568 3554 ia
526 3485 764 3554 t.modunt

165 3590 205 3657 V.
229 3590 335 3656 Prima
364 3604 534 3656 castrorum
562 3593 734 3656 rudimenta
757 3591 787 3654 in
810 3588 965 3652 Britannia
989 3587 1053 3652 Sue

126 3694 206 3756 tenio
228 3691 382 3770 Paullino‚
399 3691 536 3777 diligenti
555 3715 591 3756 ac
613 3691 768 3756 moderato
783 3691 865 3769 duci,
880 3691 1066 3773 approbavit,
