2526 4222
512 269 682 312 aaarooar.
1033 259 1072 316 59

117 418 237 480 castris
258 415 356 502 pedes
378 437 536 500 equesque
551 430 582 481 et
595 419 737 481 nauticus
758 418 858 495 miles,
874 420 961 484 mixti
976 422 1072 525 copiis

117 531 157 580 et
182 518 309 595 laetitia,
326 539 385 600 sua
404 520 536 624 quisque
557 517 647 618 facta,
671 499 744 582 siros
768 541 860 584 casus
866 485 1071 604 attollerenl:

118 641 162 682 ac
186 619 281 682 modo
297 615 451 694 silvarum
471 603 508 683 a'o
528 588 679 685 manlium
703 611 864 704 profunda,
879 623 972 687 modo
994 637 1074 688 tem·

119 691 283 814 pestatrim
309 742 345 784 ao
370 706 521 784 ductuum
549 711 686 822 adieras,
709 723 781 788 hinc
809 736 889 788 terra
910 736 942 788 et
959 725 1069 826 hostis,

121 822 199 886 hino
233 820 338 886 victus
365 822 510 914 Oceanus
538 797 661 890 militari
685 807 832 939 jaclaipia
847 796 1071 908 compararen-

123 935 186 988 tur
231 903 394 986 Britannos
423 945 556 1016 quoque,
586 937 621 988 ut
650 946 688 988 ex
717 921 845 1008 captivis
879 929 1069 1007 audiebatur,

127 1026 194 1088 risa
223 1024 353 1088 classis
362 1023 634 1127 ιιιιειιιιιριιιιιιειιιιῑ,
657 1015 812 1122 tanquam,
843 1040 948 1130 quarto
976 1031 1070 1093 rnaris

127 1121 177 1190 sui
206 1115 335 1228 secreto,
364 1126 508 1190 ultimum
536 1111 626 1190 violis
662 1128 839 1216 perfugium
868 1097 1069 1214 clairderetur.

127 1227 178 1290 Ad
205 1249 316 1291 manus
345 1240 377 1290 et
397 1249 481 1290 arma
509 1229 649 1291 conversi
673 1205 875 1293 Caledoniam
902 1206 1070 1324 inorientes

123 1328 241 1410 populi,
263 1323 372 1418 paratu
396 1350 518 1426 magno,
541 1305 655 1421 majore
676 1301 812 1422 samad
792 1331 837 1412 uti
864 1353 933 1422 mps
962 1345 1010 1395 est
1031 1332 1069 1395 de

124 1431 248 1514 ignotis,
273 1449 468 1514 oppugnasse
489 1431 578 1505 ultro,
602 1423 729 1494 castella
755 1412 861 1508 adorti,
883 1395 1012 1510 riretum,
1035 1447 1069 1497 ut

122 1545 336 1629 provocantes,
352 1506 546 1626 addideranti
567 1513 862 1636 regrediendumque
877 1536 954 1599 citra
968 1533 1069 1599 Bodo-

123 1635 223 1709 triam,
240 1646 270 1696 et
278 1601 496 1722 excedenduiir
518 1635 631 1718 potiuS,
647 1657 741 1717 quam
732 1615 947 1720 pellerentur,
965 1639 1067 1719 specie

123 1736 344 1820 prudentium
337 1737 438 1840 rgnaJi
461 1735 686 1823 admonebant:
708 1759 780 1824 cum
802 1739 923 1811 interim
938 1762 1068 1824 cognos-

123 1840 167 1900 cit
195 1838 323 1901 hostes
335 1804 474 1919 pluribus
485 1813 679 1933 agminibus
707 1839 887 1951 irruptpros.
941 1841 999 1932 Ac,
1029 1862 1068 1904 ne

123 1910 298 2022 superante
318 1935 446 2002 numero
475 1952 506 2002 et
534 1939 643 2020 peritia
678 1937 817 2001 locorum
847 1940 1066 2038 circumiretur,

122 2043 227 2118 diviso
238 2054 268 2104 et
283 2041 350 2126 ipse
365 2043 396 2105 in
410 2054 472 2104 tres
487 2054 553 2122 part
555 2062 589 2103 es
610 2041 746 2124 exercitu
762 2042 898 2104 incessit.

167 2131 290 2206 XXVI.
314 2119 409 2216 Quod
433 2144 487 2206 ubi
511 2143 613 2226 cognit
614 2165 668 2206 um
693 2137 792 2219 hosti,
805 2105 859 2206 rriu
859 2123 922 2207 lato
944 2157 1067 2225 repente

121 2245 263 2320 oonsilio,
279 2245 415 2307 universi
437 2266 549 2307 nonam
570 2243 734 2328 legionem,
750 2257 785 2308 ut
805 2247 939 2308 maxime
961 2247 1069 2310 invali

121 2338 205 2422 dam,
229 2359 319 2409 nocte
345 2337 492 2430 aggressi,
509 2347 588 2408 inter
613 2368 756 2410 somnum
778 2369 815 2410 ac
837 2347 1066 2429 trepidationem

125 2450 224 2512 caesis
253 2449 423 2532 vigilibus,¹
438 2449 585 2528 irrupere.
628 2447 762 2532 Jamque
790 2449 822 2512 in
853 2451 929 2534 ipsis
958 2465 1066 2514 castrrs

124 2539 313 2634 pugnabant,
326 2571 400 2612 cum
420 2549 575 2633 Agricola,
592 2550 649 2613 iter
669 2550 804 2612 hostium
819 2551 857 2612 ab
873 2552 1066 2633 exploratori-

123 2653 184 2715 bus
192 2663 203 2678 ’“
211 2652 341 2714 edoctus
355 2663 384 2713 et
398 2651 537 2733 vestigiis
564 2653 732 2726 insecutus,
748 2650 959 2713 velocissimos
981 2653 1067 2734 equi-

125 2766 190 2816 tum
219 2752 419 2835 peditumque
439 2751 594 2814 ‘assultare
623 2752 717 2834 tergis
742 2751 943 2834 pugnantium
969 2751 1064 2833 jubet,

126 2877 197 2918 mox
212 2856 249 2918 ab
264 2855 417 2917 universis
439 2853 528 2937 adjici
551 2841 735 2929 clamorem;
760 2866 791 2915 et
806 2853 975 2936 propinqua
997 2853 1065 2916 luca

125 2957 239 3020 fulsere
267 2957 373 3038 signa:
397 2956 440 3017 ita
468 2956 592 3042 ancipiti
621 2954 702 3044 malo
731 2955 825 3018 territi
856 2952 1013 3017 Britanni.
1037 2969 1065 3018 et

125 3057 276 3120 Romanis
291 3057 369 3119 redit
390 3057 522 3132 animoa,
539 3078 585 3132 ac,
603 3059 704 3120 securi
721 3078 776 3140 pro
794 3057 871 3116 salut
859 3067 896 3130 to,
918 3058 954 3115 de
972 3057 1064 3140 gloria

124 3160 290 3221 certabant.
336 3156 424 3220 Ultro
438 3157 513 3239 quin
535 3159 626 3220 etiam
643 3155 788 3238 erupere:
813 3171 843 3219 et
857 3157 915 3218 fuit
930 3170 1014 3218 atrox
1036 3159 1064 3217 in

124 3261 201 3344 ipsis
223 3272 380 3344 portarum
408 3259 557 3340 angustiis
579 3253 740 3342 proelium,
763 3255 967 3334 doneopulsi
997 3256 1053 3316 hos

55 3429 59 3434 ,
125 3375 192 3438 tes3
217 3374 347 3444 utroque
371 3357 507 3423 exercitu
528 3372 673 3434 certante,
697 3358 755 3432 his,
778 3369 813 3418 ut
834 3355 942 3418 tulisse
966 3377 1065 3436 opem,

129 3463 194 3539 illis,
209 3485 249 3525 ne
272 3461 399 3545 eguisse
421 3460 534 3524 auxilio
555 3460 740 3523 riderentur.
785 3456 879 3529 Quod
899 3457 959 3520 nisi
980 3456 1065 3539 palu-

128 3565 178 3628 des
200 3577 231 3628 et
257 3563 352 3626 silvae
374 3562 529 3645 fugientes
553 3562 710 3637 texissent,
726 3558 913 3622 debellatum
938 3558 990 3623 illa
1003 3559 1065 3622 rio·

128 3669 198 3732 toria
211 3665 298 3730 foret.
