<?xml version="1.0" encoding="UTF-8"?>
<!DOCTYPE html PUBLIC "-//W3C//DTD XHTML 1.0 Transitional//EN"
    "http://www.w3.org/TR/xhtml1/DTD/xhtml1-transitional.dtd">
<html xmlns="http://www.w3.org/1999/xhtml" xml:lang="en" lang="en">
 <head>
  <title>
</title>
<meta http-equiv="Content-Type" content="text/html;charset=utf-8" />
  <meta name='ocr-system' content='tesseract 3.04.00' />
  <meta name='ocr-capabilities' content='ocr_page ocr_carea ocr_par ocr_line ocrx_word'/>
</head>
<body>
  <div class='ocr_page' id='page_1' title='image "./germaniaandagri00tylegoog_0046.png"; bbox 0 0 2552 4228; ppageno 0'>
   <div class='ocr_carea' id='block_1_1' title="bbox 498 285 1080 344">
    <p class='ocr_par' dir='ltr' id='par_1_1' title="bbox 498 285 1080 344">
     <span class='ocr_line' id='line_1_1' title="bbox 498 285 1080 344; baseline 0.003 -2"><span class='ocrx_word' id='word_1_1' title='bbox 498 297 539 342; x_wconf 83' lang='lat' dir='ltr'><strong>ns</strong></span> <span class='ocrx_word' id='word_1_2' title='bbox 564 298 745 344; x_wconf 73' lang='lat' dir='ltr'><strong>casurum.</strong></span> <span class='ocrx_word' id='word_1_3' title='bbox 1045 285 1080 344; x_wconf 79' lang='lat' dir='ltr'><strong>a}</strong></span> 
     </span>
    </p>
   </div>
   <div class='ocr_carea' id='block_1_2' title="bbox 139 428 1258 2557">
    <p class='ocr_par' dir='ltr' id='par_1_2' title="bbox 139 428 1258 1540">
     <span class='ocr_line' id='line_1_2' title="bbox 183 428 1197 522; baseline -0.003 -15"><span class='ocrx_word' id='word_1_4' title='bbox 183 441 246 507; x_wconf 88' lang='lat' dir='ltr'><strong>IX.</strong></span> <span class='ocrx_word' id='word_1_5' title='bbox 267 441 406 507; x_wconf 86' lang='lat' dir='ltr'>Deorum</span> <span class='ocrx_word' id='word_1_6' title='bbox 428 428 562 504; x_wconf 83' lang='lat' dir='ltr'><strong>maxime</strong></span> <span class='ocrx_word' id='word_1_7' title='bbox 577 439 770 505; x_wconf 83' lang='lat' dir='ltr'><strong>Mercurium</strong></span> <span class='ocrx_word' id='word_1_8' title='bbox 790 441 903 518; x_wconf 84' lang='lat' dir='ltr'><strong>colunt,</strong></span> <span class='ocrx_word' id='word_1_9' title='bbox 919 440 971 504; x_wconf 83' lang='lat' dir='ltr'><strong>oui</strong></span> <span class='ocrx_word' id='word_1_10' title='bbox 993 443 1084 505; x_wconf 84' lang='lat' dir='ltr'><strong>certis</strong></span> <span class='ocrx_word' id='word_1_11' title='bbox 1110 463 1197 522; x_wconf 53' lang='lat' dir='ltr'><strong>(mu,</strong></span> 
     </span>
     <span class='ocr_line' id='line_1_3' title="bbox 142 529 1170 627; baseline -0.005 -17"><span class='ocrx_word' id='word_1_12' title='bbox 142 545 253 610; x_wconf 89' lang='lat' dir='ltr'><strong>diebus</strong></span> <span class='ocrx_word' id='word_1_13' title='bbox 289 543 432 608; x_wconf 60' lang='lat' dir='ltr'><strong>emonis</strong></span> <span class='ocrx_word' id='word_1_14' title='bbox 461 564 583 627; x_wconf 90' lang='lat' dir='ltr'><strong>quoque</strong></span> <span class='ocrx_word' id='word_1_15' title='bbox 619 544 728 607; x_wconf 83' lang='lat' dir='ltr'><strong>hostiis</strong></span> <span class='ocrx_word' id='word_1_16' title='bbox 763 543 849 608; x_wconf 84' lang='lat' dir='ltr'><strong>litare</strong></span> <span class='ocrx_word' id='word_1_17' title='bbox 877 543 925 607; x_wconf 86' lang='lat' dir='ltr'><strong>fas</strong></span> <span class='ocrx_word' id='word_1_18' title='bbox 962 542 1084 607; x_wconf 85' lang='lat' dir='ltr'><strong>habent.</strong></span> <span class='ocrx_word' id='word_1_19' title='bbox 1125 529 1170 540; x_wconf 54' lang='lat'><strong>‘⁹</strong></span> 
     </span>
     <span class='ocr_line' id='line_1_4' title="bbox 141 645 1083 727; baseline -0.004 -15"><span class='ocrx_word' id='word_1_20' title='bbox 141 646 316 712; x_wconf 83' lang='lat' dir='ltr'><strong>Herculem</strong></span> <span class='ocrx_word' id='word_1_21' title='bbox 337 667 374 708; x_wconf 89' lang='lat' dir='ltr'><strong>ac</strong></span> <span class='ocrx_word' id='word_1_22' title='bbox 397 645 529 710; x_wconf 83' lang='lat' dir='ltr'><strong>Martem</strong></span> <span class='ocrx_word' id='word_1_23' title='bbox 551 647 709 709; x_wconf 82' lang='lat' dir='ltr'><strong>concessis</strong></span> <span class='ocrx_word' id='word_1_24' title='bbox 731 645 913 709; x_wconf 84' lang='lat' dir='ltr'><strong>animalibus</strong></span> <span class='ocrx_word' id='word_1_25' title='bbox 941 646 1083 727; x_wconf 83' lang='lat' dir='ltr'><strong>placant:</strong></span> 
     </span>
     <span class='ocr_line' id='line_1_5' title="bbox 139 745 1188 840; baseline -0.003 -28"><span class='ocrx_word' id='word_1_26' title='bbox 139 771 212 831; x_wconf 89' lang='lat' dir='ltr'><strong>pars</strong></span> <span class='ocrx_word' id='word_1_27' title='bbox 243 747 418 812; x_wconf 85' lang='lat' dir='ltr'><strong>Suevorum</strong></span> <span class='ocrx_word' id='word_1_28' title='bbox 446 759 477 810; x_wconf 90' lang='lat' dir='ltr'><strong>et</strong></span> <span class='ocrx_word' id='word_1_29' title='bbox 505 746 581 810; x_wconf 88' lang='lat' dir='ltr'><strong>Isidi</strong></span> <span class='ocrx_word' id='word_1_30' title='bbox 610 748 771 810; x_wconf 87' lang='lat' dir='ltr'><strong>sacrificat.</strong></span> <span class='ocrx_word' id='word_1_31' title='bbox 815 745 906 811; x_wconf 90' lang='lat' dir='ltr'><strong>Unde</strong></span> <span class='ocrx_word' id='word_1_32' title='bbox 935 769 1030 810; x_wconf 86' lang='lat' dir='ltr'><strong>cause</strong></span> <span class='ocrx_word' id='word_1_33' title='bbox 1054 759 1085 810; x_wconf 89' lang='lat' dir='ltr'><strong>et</strong></span> <span class='ocrx_word' id='word_1_34' title='bbox 1100 763 1188 840; x_wconf 50' lang='lat' dir='ltr'><strong>Q,</strong></span> 
     </span>
     <span class='ocr_line' id='line_1_6' title="bbox 140 831 1160 933; baseline -0.001 -21"><span class='ocrx_word' id='word_1_35' title='bbox 140 850 228 933; x_wconf 87' lang='lat' dir='ltr'><strong>origo</strong></span> <span class='ocrx_word' id='word_1_36' title='bbox 263 848 424 932; x_wconf 86' lang='lat' dir='ltr'><strong>peregrino</strong></span> <span class='ocrx_word' id='word_1_37' title='bbox 460 869 547 910; x_wconf 88' lang='lat' dir='ltr'><strong>sacro</strong></span> <span class='ocrx_word' id='word_1_38' title='bbox 581 869 692 929; x_wconf 87' lang='lat' dir='ltr'><strong>parum</strong></span> <span class='ocrx_word' id='word_1_39' title='bbox 726 849 871 929; x_wconf 90' lang='lat' dir='ltr'><strong>comperi,</strong></span> <span class='ocrx_word' id='word_1_40' title='bbox 907 847 967 911; x_wconf 85' lang='lat' dir='ltr'><strong>nisi</strong></span> <span class='ocrx_word' id='word_1_41' title='bbox 1003 847 1085 931; x_wconf 92' lang='lat' dir='ltr'><strong>quod</strong></span> <span class='ocrx_word' id='word_1_42' title='bbox 1152 831 1160 838; x_wconf 55' lang='grc'><strong>’</strong></span> 
     </span>
     <span class='ocr_line' id='line_1_7' title="bbox 141 949 1085 1034; baseline 0 -20"><span class='ocrx_word' id='word_1_43' title='bbox 141 952 267 1032; x_wconf 79' lang='lat' dir='ltr'><strong>signum</strong></span> <span class='ocrx_word' id='word_1_44' title='bbox 288 951 401 1032; x_wconf 89' lang='lat' dir='ltr'><strong>ipsum,</strong></span> <span class='ocrx_word' id='word_1_45' title='bbox 428 951 461 1014; x_wconf 93' lang='lat' dir='ltr'><strong>in</strong></span> <span class='ocrx_word' id='word_1_46' title='bbox 482 949 610 1013; x_wconf 87' lang='lat' dir='ltr'><strong>modum</strong></span> <span class='ocrx_word' id='word_1_47' title='bbox 636 950 775 1034; x_wconf 63' lang='lat' dir='ltr'><strong>lilqumae</strong></span> <span class='ocrx_word' id='word_1_48' title='bbox 796 950 973 1034; x_wconf 86' lang='lat' dir='ltr'><strong>figuratum,</strong></span> <span class='ocrx_word' id='word_1_49' title='bbox 995 949 1085 1014; x_wconf 88' lang='lat' dir='ltr'><strong>docet</strong></span> 
     </span>
     <span class='ocr_line' id='line_1_8' title="bbox 140 1051 1252 1138; baseline -0.003 -22"><span class='ocrx_word' id='word_1_50' title='bbox 140 1051 304 1116; x_wconf 78' lang='lat' dir='ltr'><strong>advectam</strong></span> <span class='ocrx_word' id='word_1_51' title='bbox 325 1051 515 1135; x_wconf 85' lang='lat' dir='ltr'><strong>religionem.</strong></span> <span class='ocrx_word' id='word_1_52' title='bbox 560 1051 709 1114; x_wconf 89' lang='lat' dir='ltr'><strong>Ceterum</strong></span> <span class='ocrx_word' id='word_1_53' title='bbox 723 1071 782 1114; x_wconf 90' lang='lat' dir='ltr'><strong>nec</strong></span> <span class='ocrx_word' id='word_1_54' title='bbox 797 1051 939 1115; x_wconf 89' lang='lat' dir='ltr'><strong>cohibere</strong></span> <span class='ocrx_word' id='word_1_55' title='bbox 961 1053 1083 1136; x_wconf 84' lang='lat' dir='ltr'><strong>parieti-</strong></span> <span class='ocrx_word' id='word_1_56' title='bbox 1099 1069 1142 1138; x_wconf 67' lang='lat' dir='ltr'><strong>qq,</strong></span> <span class='ocrx_word' id='word_1_57' title='bbox 1156 1067 1252 1136; x_wconf 48' lang='lat' dir='ltr'><strong>tw„</strong></span> 
     </span>
     <span class='ocr_line' id='line_1_9' title="bbox 140 1151 1258 1237; baseline -0.003 -21"><span class='ocrx_word' id='word_1_58' title='bbox 140 1154 202 1216; x_wconf 93' lang='lat' dir='ltr'><strong>bus</strong></span> <span class='ocrx_word' id='word_1_59' title='bbox 238 1153 324 1229; x_wconf 90' lang='lat' dir='ltr'><strong>deos,</strong></span> <span class='ocrx_word' id='word_1_60' title='bbox 357 1173 458 1237; x_wconf 90' lang='lat' dir='ltr'><strong>neque</strong></span> <span class='ocrx_word' id='word_1_61' title='bbox 493 1153 526 1215; x_wconf 88' lang='lat' dir='ltr'><strong>in</strong></span> <span class='ocrx_word' id='word_1_62' title='bbox 560 1151 655 1215; x_wconf 87' lang='lat' dir='ltr'><strong>ullam</strong></span> <span class='ocrx_word' id='word_1_63' title='bbox 688 1151 816 1215; x_wconf 85' lang='lat' dir='ltr'><strong>humani</strong></span> <span class='ocrx_word' id='word_1_64' title='bbox 851 1155 912 1216; x_wconf 88' lang='lat' dir='ltr'><strong>oris</strong></span> <span class='ocrx_word' id='word_1_65' title='bbox 949 1153 1084 1233; x_wconf 88' lang='lat' dir='ltr'><strong>speciem</strong></span> <span class='ocrx_word' id='word_1_66' title='bbox 1107 1170 1197 1228; x_wconf 54' lang='lat' dir='ltr'><strong>*yos</strong></span> <span class='ocrx_word' id='word_1_67' title='bbox 1215 1151 1258 1203; x_wconf 57' lang='lat'><strong>²:⁴¹</strong></span> 
     </span>
     <span class='ocr_line' id='line_1_10' title="bbox 140 1252 1083 1337; baseline -0.003 -20"><span class='ocrx_word' id='word_1_68' title='bbox 140 1254 335 1331; x_wconf 85' lang='lat' dir='ltr'><strong>assimulare,</strong></span> <span class='ocrx_word' id='word_1_69' title='bbox 364 1274 404 1316; x_wconf 86' lang='lat' dir='ltr'><strong>ex</strong></span> <span class='ocrx_word' id='word_1_70' title='bbox 430 1253 642 1337; x_wconf 84' lang='lat' dir='ltr'><strong>magnitudine</strong></span> <span class='ocrx_word' id='word_1_71' title='bbox 670 1253 853 1317; x_wconf 82' lang='lat' dir='ltr'><strong>coelestium</strong></span> <span class='ocrx_word' id='word_1_72' title='bbox 881 1252 1083 1316; x_wconf 87' lang='lat' dir='ltr'><strong>arbitrantur:</strong></span> 
     </span>
     <span class='ocr_line' id='line_1_11' title="bbox 140 1353 1085 1438; baseline -0.002 -20"><span class='ocrx_word' id='word_1_73' title='bbox 140 1355 230 1419; x_wconf 89' lang='lat' dir='ltr'><strong>lucos</strong></span> <span class='ocrx_word' id='word_1_74' title='bbox 259 1377 297 1420; x_wconf 86' lang='lat' dir='ltr'><strong>ac</strong></span> <span class='ocrx_word' id='word_1_75' title='bbox 324 1377 450 1419; x_wconf 85' lang='lat' dir='ltr'><strong>nemora</strong></span> <span class='ocrx_word' id='word_1_76' title='bbox 477 1365 666 1431; x_wconf 87' lang='lat' dir='ltr'><strong>consecrant,</strong></span> <span class='ocrx_word' id='word_1_77' title='bbox 693 1353 882 1438; x_wconf 89' lang='lat' dir='ltr'><strong>deorumque</strong></span> <span class='ocrx_word' id='word_1_78' title='bbox 910 1354 1085 1418; x_wconf 88' lang='lat' dir='ltr'><strong>nominibus</strong></span> 
     </span>
     <span class='ocr_line' id='line_1_12' title="bbox 140 1453 1083 1540; baseline -0.001 -22"><span class='ocrx_word' id='word_1_79' title='bbox 140 1456 297 1538; x_wconf 86' lang='lat' dir='ltr'><strong>appellant</strong></span> <span class='ocrx_word' id='word_1_80' title='bbox 318 1467 473 1520; x_wconf 89' lang='lat' dir='ltr'><strong>secretum</strong></span> <span class='ocrx_word' id='word_1_81' title='bbox 494 1455 580 1533; x_wconf 92' lang='lat' dir='ltr'><strong>illud,</strong></span> <span class='ocrx_word' id='word_1_82' title='bbox 596 1455 679 1540; x_wconf 92' lang='lat' dir='ltr'><strong>quod</strong></span> <span class='ocrx_word' id='word_1_83' title='bbox 701 1453 767 1518; x_wconf 86' lang='lat' dir='ltr'><strong>sola</strong></span> <span class='ocrx_word' id='word_1_84' title='bbox 787 1455 957 1518; x_wconf 83' lang='lat' dir='ltr'><strong>reverentia</strong></span> <span class='ocrx_word' id='word_1_85' title='bbox 970 1455 1083 1519; x_wconf 88' lang='lat' dir='ltr'><strong>vident.</strong></span> 
     </span>
    </p>

    <p class='ocr_par' dir='ltr' id='par_1_3' title="bbox 141 1557 1247 2557">
     <span class='ocr_line' id='line_1_13' title="bbox 185 1557 1247 1642; baseline 0.002 -20"><span class='ocrx_word' id='word_1_86' title='bbox 185 1557 228 1622; x_wconf 91' lang='lat' dir='ltr'><strong>X.</strong></span> <span class='ocrx_word' id='word_1_87' title='bbox 249 1558 400 1640; x_wconf 79' lang='lat' dir='ltr'><strong>Auspicia</strong></span> <span class='ocrx_word' id='word_1_88' title='bbox 422 1571 591 1642; x_wconf 84' lang='lat' dir='ltr'><strong>sortesque,</strong></span> <span class='ocrx_word' id='word_1_89' title='bbox 614 1558 722 1641; x_wconf 89' lang='lat' dir='ltr'><strong>utqui</strong></span> <span class='ocrx_word' id='word_1_90' title='bbox 744 1558 888 1636; x_wconf 83' lang='lat' dir='ltr'><strong>maxime,</strong></span> <span class='ocrx_word' id='word_1_91' title='bbox 912 1557 1084 1620; x_wconf 83' lang='lat' dir='ltr'><strong>observant.</strong></span> <span class='ocrx_word' id='word_1_92' title='bbox 1175 1580 1247 1628; x_wconf 59' lang='lat' dir='ltr'><strong>aar,</strong></span> 
     </span>
     <span class='ocr_line' id='line_1_14' title="bbox 143 1649 1175 1744; baseline 0.001 -21"><span class='ocrx_word' id='word_1_93' title='bbox 143 1661 282 1724; x_wconf 84' lang='lat' dir='ltr'><strong>Sortium</strong></span> <span class='ocrx_word' id='word_1_94' title='bbox 324 1659 515 1723; x_wconf 83' lang='lat' dir='ltr'><strong>consuetudo</strong></span> <span class='ocrx_word' id='word_1_95' title='bbox 557 1659 712 1742; x_wconf 86' lang='lat' dir='ltr'><strong>simplex:</strong></span> <span class='ocrx_word' id='word_1_96' title='bbox 748 1661 877 1744; x_wconf 85' lang='lat' dir='ltr'><strong>virgam,</strong></span> <span class='ocrx_word' id='word_1_97' title='bbox 919 1649 1084 1742; x_wconf 74' lang='lat' dir='ltr'><strong>frugiferae</strong></span> <span class='ocrx_word' id='word_1_98' title='bbox 1120 1669 1175 1724; x_wconf 61' lang='grc' dir='ltr'><strong>ὶ..</strong></span> 
     </span>
     <span class='ocr_line' id='line_1_15' title="bbox 141 1760 1085 1844; baseline -0.003 -19"><span class='ocrx_word' id='word_1_99' title='bbox 141 1762 243 1825; x_wconf 86' lang='lat' dir='ltr'><strong>arbori</strong></span> <span class='ocrx_word' id='word_1_100' title='bbox 268 1760 416 1838; x_wconf 88' lang='lat' dir='ltr'><strong>decisam,</strong></span> <span class='ocrx_word' id='word_1_101' title='bbox 442 1762 474 1824; x_wconf 89' lang='lat' dir='ltr'><strong>in</strong></span> <span class='ocrx_word' id='word_1_102' title='bbox 496 1761 636 1824; x_wconf 87' lang='lat' dir='ltr'><strong>surculos</strong></span> <span class='ocrx_word' id='word_1_103' title='bbox 662 1772 829 1842; x_wconf 85' lang='lat' dir='ltr'><strong>amputant,</strong></span> <span class='ocrx_word' id='word_1_104' title='bbox 853 1781 978 1844; x_wconf 89' lang='lat' dir='ltr'><strong>eosque,</strong></span> <span class='ocrx_word' id='word_1_105' title='bbox 1003 1761 1085 1823; x_wconf 88' lang='lat' dir='ltr'><strong>notis</strong></span> 
     </span>
     <span class='ocr_line' id='line_1_16' title="bbox 141 1860 1085 1947; baseline -0.003 -22"><span class='ocrx_word' id='word_1_106' title='bbox 141 1862 330 1947; x_wconf 85' lang='lat' dir='ltr'><strong>quibusdam</strong></span> <span class='ocrx_word' id='word_1_107' title='bbox 350 1861 511 1938; x_wconf 89' lang='lat' dir='ltr'><strong>discretos,</strong></span> <span class='ocrx_word' id='word_1_108' title='bbox 533 1882 627 1942; x_wconf 88' lang='lat' dir='ltr'><strong>super</strong></span> <span class='ocrx_word' id='word_1_109' title='bbox 647 1860 809 1924; x_wconf 83' lang='lat' dir='ltr'><strong>candidam</strong></span> <span class='ocrx_word' id='word_1_110' title='bbox 829 1873 948 1924; x_wconf 84' lang='lat' dir='ltr'><strong>vestem</strong></span> <span class='ocrx_word' id='word_1_111' title='bbox 970 1873 1085 1924; x_wconf 90' lang='lat' dir='ltr'><strong>temere</strong></span> 
     </span>
     <span class='ocr_line' id='line_1_17' title="bbox 142 1959 1084 2046; baseline -0.004 -20"><span class='ocrx_word' id='word_1_112' title='bbox 142 1985 181 2026; x_wconf 86' lang='lat' dir='ltr'><strong>ac</strong></span> <span class='ocrx_word' id='word_1_113' title='bbox 207 1963 333 2027; x_wconf 86' lang='lat' dir='ltr'><strong>fortuito</strong></span> <span class='ocrx_word' id='word_1_114' title='bbox 361 1974 531 2046; x_wconf 85' lang='lat' dir='ltr'><strong>spargunt:</strong></span> <span class='ocrx_word' id='word_1_115' title='bbox 571 1981 654 2038; x_wconf 82' lang='lat' dir='ltr'><strong>mox,</strong></span> <span class='ocrx_word' id='word_1_116' title='bbox 684 1961 710 2023; x_wconf 91' lang='lat' dir='ltr'><strong>si</strong></span> <span class='ocrx_word' id='word_1_117' title='bbox 738 1959 862 2042; x_wconf 89' lang='lat' dir='ltr'><strong>publice</strong></span> <span class='ocrx_word' id='word_1_118' title='bbox 899 1960 1084 2037; x_wconf 89' lang='lat' dir='ltr'><strong>consuletur,</strong></span> 
     </span>
     <span class='ocr_line' id='line_1_18' title="bbox 143 2061 1084 2148; baseline -0.004 -19"><span class='ocrx_word' id='word_1_119' title='bbox 143 2065 289 2130; x_wconf 84' lang='lat' dir='ltr'><strong>sacerdos</strong></span> <span class='ocrx_word' id='word_1_120' title='bbox 317 2065 459 2141; x_wconf 82' lang='lat' dir='ltr'><strong>civitatis,</strong></span> <span class='ocrx_word' id='word_1_121' title='bbox 489 2065 537 2148; x_wconf 87' lang='lat' dir='ltr'><strong>siu</strong></span> <span class='ocrx_word' id='word_1_122' title='bbox 571 2064 722 2145; x_wconf 77' lang='lat' dir='ltr'><strong>privatim,</strong></span> <span class='ocrx_word' id='word_1_123' title='bbox 752 2064 819 2144; x_wconf 93' lang='lat' dir='ltr'><strong>ipse</strong></span> <span class='ocrx_word' id='word_1_124' title='bbox 854 2061 1084 2144; x_wconf 85' lang='lat' dir='ltr'><strong>paterfamiliae,</strong></span> 
     </span>
     <span class='ocr_line' id='line_1_19' title="bbox 142 2164 1085 2250; baseline -0.005 -19"><span class='ocrx_word' id='word_1_125' title='bbox 142 2179 287 2250; x_wconf 84' lang='lat' dir='ltr'><strong>precatus</strong></span> <span class='ocrx_word' id='word_1_126' title='bbox 322 2166 397 2230; x_wconf 89' lang='lat' dir='ltr'><strong>deos</strong></span> <span class='ocrx_word' id='word_1_127' title='bbox 433 2166 616 2250; x_wconf 86' lang='lat' dir='ltr'><strong>coelumque</strong></span> <span class='ocrx_word' id='word_1_128' title='bbox 653 2166 835 2247; x_wconf 84' lang='lat' dir='ltr'><strong>suspiciens,</strong></span> <span class='ocrx_word' id='word_1_129' title='bbox 858 2176 912 2228; x_wconf 76' lang='lat' dir='ltr'><strong>ter</strong></span> <span class='ocrx_word' id='word_1_130' title='bbox 948 2164 1085 2248; x_wconf 88' lang='lat' dir='ltr'><strong>singulos</strong></span> 
     </span>
     <span class='ocr_line' id='line_1_20' title="bbox 143 2267 1085 2350; baseline 0 -18"><span class='ocrx_word' id='word_1_131' title='bbox 143 2269 233 2346; x_wconf 88' lang='lat' dir='ltr'><strong>tollit,</strong></span> <span class='ocrx_word' id='word_1_132' title='bbox 272 2268 409 2332; x_wconf 84' lang='lat' dir='ltr'><strong>sublatos</strong></span> <span class='ocrx_word' id='word_1_133' title='bbox 448 2267 620 2332; x_wconf 88' lang='lat' dir='ltr'><strong>secundum</strong></span> <span class='ocrx_word' id='word_1_134' title='bbox 659 2268 842 2350; x_wconf 87' lang='lat' dir='ltr'><strong>impressam</strong></span> <span class='ocrx_word' id='word_1_135' title='bbox 877 2279 947 2330; x_wconf 87' lang='lat' dir='ltr'><strong>ante</strong></span> <span class='ocrx_word' id='word_1_136' title='bbox 983 2277 1085 2332; x_wconf 89' lang='lat' dir='ltr'><strong>notam</strong></span> 
     </span>
     <span class='ocr_line' id='line_1_21' title="bbox 143 2369 1085 2455; baseline -0.002 -21"><span class='ocrx_word' id='word_1_137' title='bbox 143 2373 367 2454; x_wconf 86' lang='lat' dir='ltr'><strong>interpretetur.</strong></span> <span class='ocrx_word' id='word_1_138' title='bbox 412 2370 448 2433; x_wconf 86' lang='lat' dir='ltr'><strong>Si</strong></span> <span class='ocrx_word' id='word_1_139' title='bbox 476 2369 705 2455; x_wconf 81' lang='lat' dir='ltr'><strong>prohibuerunt,</strong></span> <span class='ocrx_word' id='word_1_140' title='bbox 735 2369 820 2434; x_wconf 89' lang='lat' dir='ltr'><strong>nulla</strong></span> <span class='ocrx_word' id='word_1_141' title='bbox 846 2369 885 2434; x_wconf 89' lang='lat' dir='ltr'><strong>de</strong></span> <span class='ocrx_word' id='word_1_142' title='bbox 915 2369 1025 2433; x_wconf 87' lang='lat' dir='ltr'><strong>eadem</strong></span> <span class='ocrx_word' id='word_1_143' title='bbox 1052 2389 1085 2432; x_wconf 90' lang='lat' dir='ltr'><strong>re</strong></span> 
     </span>
     <span class='ocr_line' id='line_1_22' title="bbox 143 2471 1086 2557; baseline -0.003 -21"><span class='ocrx_word' id='word_1_144' title='bbox 143 2474 177 2536; x_wconf 92' lang='lat' dir='ltr'><strong>in</strong></span> <span class='ocrx_word' id='word_1_145' title='bbox 204 2473 338 2536; x_wconf 90' lang='lat' dir='ltr'><strong>eundem</strong></span> <span class='ocrx_word' id='word_1_146' title='bbox 366 2471 448 2536; x_wconf 91' lang='lat' dir='ltr'><strong>diem</strong></span> <span class='ocrx_word' id='word_1_147' title='bbox 476 2471 679 2549; x_wconf 87' lang='lat' dir='ltr'><strong>consultatio;</strong></span> <span class='ocrx_word' id='word_1_148' title='bbox 714 2473 762 2536; x_wconf 89' lang='lat' dir='ltr'><strong>sin</strong></span> <span class='ocrx_word' id='word_1_149' title='bbox 789 2472 986 2557; x_wconf 88' lang='lat' dir='ltr'><strong>permissum,</strong></span> <span class='ocrx_word' id='word_1_150' title='bbox 1015 2491 1086 2534; x_wconf 88' lang='lat' dir='ltr'><strong>aus·</strong></span> 
     </span>
    </p>
   </div>
   <div class='ocr_carea' id='block_1_3' title="bbox 142 2565 1261 3782">
    <p class='ocr_par' dir='ltr' id='par_1_4' title="bbox 142 2565 1253 2958">
     <span class='ocr_line' id='line_1_23' title="bbox 142 2565 1253 2672; baseline -0.003 -36"><span class='ocrx_word' id='word_1_151' title='bbox 142 2575 296 2654; x_wconf 89' lang='lat' dir='ltr'><strong>piciorum</strong></span> <span class='ocrx_word' id='word_1_152' title='bbox 310 2572 411 2637; x_wconf 86' lang='lat' dir='ltr'><strong>adhuc</strong></span> <span class='ocrx_word' id='word_1_153' title='bbox 425 2571 503 2636; x_wconf 91' lang='lat' dir='ltr'><strong>fides</strong></span> <span class='ocrx_word' id='word_1_154' title='bbox 521 2574 662 2657; x_wconf 82' lang='lat' dir='ltr'><strong>exigitur.</strong></span> <span class='ocrx_word' id='word_1_155' title='bbox 706 2571 750 2636; x_wconf 87' lang='lat' dir='ltr'><strong>Et</strong></span> <span class='ocrx_word' id='word_1_156' title='bbox 764 2565 839 2635; x_wconf 88' lang='lat' dir='ltr'><strong>illud</strong></span> <span class='ocrx_word' id='word_1_157' title='bbox 854 2572 980 2656; x_wconf 85' lang='lat' dir='ltr'><strong>quidem</strong></span> <span class='ocrx_word' id='word_1_158' title='bbox 994 2573 1087 2635; x_wconf 88' lang='lat' dir='ltr'><strong>etiam</strong></span> <span class='ocrx_word' id='word_1_159' title='bbox 1108 2567 1253 2672; x_wconf 51' lang='lat' dir='ltr'><em>Q</em></span> 
     </span>
     <span class='ocr_line' id='line_1_24' title="bbox 144 2669 1084 2766; baseline -0.003 -32"><span class='ocrx_word' id='word_1_160' title='bbox 144 2671 197 2734; x_wconf 90' lang='lat' dir='ltr'><strong>hic</strong></span> <span class='ocrx_word' id='word_1_161' title='bbox 231 2682 349 2746; x_wconf 77' lang='lat' dir='ltr'><strong>notum,</strong></span> <span class='ocrx_word' id='word_1_162' title='bbox 386 2671 490 2734; x_wconf 87' lang='lat' dir='ltr'><strong>avium</strong></span> <span class='ocrx_word' id='word_1_163' title='bbox 527 2692 622 2766; x_wconf 80' lang='lat' dir='ltr'><strong>rqces</strong></span> <span class='ocrx_word' id='word_1_164' title='bbox 658 2669 839 2752; x_wconf 84' lang='lat' dir='ltr'><strong>volatusque</strong></span> <span class='ocrx_word' id='word_1_165' title='bbox 875 2671 1084 2753; x_wconf 84' lang='lat' dir='ltr'><strong>interrogare:</strong></span> 
     </span>
     <span class='ocr_line' id='line_1_25' title="bbox 143 2771 1086 2856; baseline -0.004 -20"><span class='ocrx_word' id='word_1_166' title='bbox 143 2773 302 2856; x_wconf 88' lang='lat' dir='ltr'><strong>proprium</strong></span> <span class='ocrx_word' id='word_1_167' title='bbox 344 2773 456 2855; x_wconf 84' lang='lat' dir='ltr'><strong>gentis,</strong></span> <span class='ocrx_word' id='word_1_168' title='bbox 497 2793 647 2855; x_wconf 90' lang='lat' dir='ltr'><strong>equorum</strong></span> <span class='ocrx_word' id='word_1_169' title='bbox 688 2790 810 2854; x_wconf 89' lang='lat' dir='ltr'><strong>quoque</strong></span> <span class='ocrx_word' id='word_1_170' title='bbox 852 2771 1013 2854; x_wconf 79' lang='lat' dir='ltr'><strong>praesagia</strong></span> <span class='ocrx_word' id='word_1_171' title='bbox 1049 2791 1086 2832; x_wconf 88' lang='lat' dir='ltr'><strong>ac</strong></span> 
     </span>
     <span class='ocr_line' id='line_1_26' title="bbox 144 2871 1087 2958; baseline -0.004 -20"><span class='ocrx_word' id='word_1_172' title='bbox 144 2875 281 2939; x_wconf 85' lang='lat' dir='ltr'><strong>monitus</strong></span> <span class='ocrx_word' id='word_1_173' title='bbox 305 2874 455 2958; x_wconf 80' lang='lat' dir='ltr'><strong>experiri3</strong></span> <span class='ocrx_word' id='word_1_174' title='bbox 477 2873 601 2955; x_wconf 90' lang='lat' dir='ltr'><strong>publice</strong></span> <span class='ocrx_word' id='word_1_175' title='bbox 627 2873 750 2937; x_wconf 84' lang='lat' dir='ltr'><strong>aluntur</strong></span> <span class='ocrx_word' id='word_1_176' title='bbox 774 2871 885 2935; x_wconf 88' lang='lat' dir='ltr'><strong>iisdem</strong></span> <span class='ocrx_word' id='word_1_177' title='bbox 909 2871 1087 2934; x_wconf 88' lang='lat' dir='ltr'><strong>nemoribus</strong></span> 
     </span>
    </p>

    <p class='ocr_par' dir='ltr' id='par_1_5' title="bbox 145 2975 1087 3058">
     <span class='ocr_line' id='line_1_27' title="bbox 145 2975 1087 3058; baseline 0 -21"><span class='ocrx_word' id='word_1_178' title='bbox 145 2997 183 3038; x_wconf 86' lang='lat' dir='ltr'><strong>ac</strong></span> <span class='ocrx_word' id='word_1_179' title='bbox 197 2976 277 3040; x_wconf 88' lang='lat' dir='ltr'><strong>lueis</strong></span> <span class='ocrx_word' id='word_1_180' title='bbox 301 2975 423 3040; x_wconf 91' lang='lat' dir='ltr'><strong>candidi</strong></span> <span class='ocrx_word' id='word_1_181' title='bbox 446 2988 477 3039; x_wconf 88' lang='lat' dir='ltr'><strong>et</strong></span> <span class='ocrx_word' id='word_1_182' title='bbox 490 2975 575 3040; x_wconf 91' lang='lat' dir='ltr'><strong>nullo</strong></span> <span class='ocrx_word' id='word_1_183' title='bbox 593 2975 714 3038; x_wconf 85' lang='lat' dir='ltr'><strong>mortali</strong></span> <span class='ocrx_word' id='word_1_184' title='bbox 729 2995 821 3056; x_wconf 90' lang='lat' dir='ltr'><strong>opere</strong></span> <span class='ocrx_word' id='word_1_185' title='bbox 835 2975 985 3038; x_wconf 84' lang='lat' dir='ltr'><strong>contacti:</strong></span> <span class='ocrx_word' id='word_1_186' title='bbox 1008 2996 1087 3058; x_wconf 91' lang='lat' dir='ltr'><strong>quos</strong></span> 
     </span>
    </p>

    <p class='ocr_par' dir='ltr' id='par_1_6' title="bbox 144 3077 1073 3161">
     <span class='ocr_line' id='line_1_28' title="bbox 144 3077 1073 3161; baseline -0.001 -20"><span class='ocrx_word' id='word_1_187' title='bbox 144 3097 270 3161; x_wconf 84' lang='lat' dir='ltr'><strong>pressos</strong></span> <span class='ocrx_word' id='word_1_188' title='bbox 285 3099 375 3141; x_wconf 86' lang='lat' dir='ltr'><strong>sacro</strong></span> <span class='ocrx_word' id='word_1_189' title='bbox 396 3099 488 3142; x_wconf 84' lang='lat' dir='ltr'><strong>curm</strong></span> <span class='ocrx_word' id='word_1_190' title='bbox 510 3077 653 3141; x_wconf 85' lang='lat' dir='ltr'><strong>sacerdos</strong></span> <span class='ocrx_word' id='word_1_191' title='bbox 667 3098 705 3140; x_wconf 86' lang='lat' dir='ltr'><strong>ec</strong></span> <span class='ocrx_word' id='word_1_192' title='bbox 718 3093 773 3140; x_wconf 83' lang='lat' dir='ltr'><strong>rex</strong></span> <span class='ocrx_word' id='word_1_193' title='bbox 785 3077 836 3142; x_wconf 84' lang='lat' dir='ltr'><strong>rel</strong></span> <span class='ocrx_word' id='word_1_194' title='bbox 856 3078 998 3160; x_wconf 87' lang='lat' dir='ltr'><strong>princeps</strong></span> <span class='ocrx_word' id='word_1_195' title='bbox 1013 3077 1073 3140; x_wconf 88' lang='lat' dir='ltr'><strong>civi</strong></span> 
     </span>
    </p>

    <p class='ocr_par' dir='ltr' id='par_1_7' title="bbox 143 3178 1087 3264">
     <span class='ocr_line' id='line_1_29' title="bbox 143 3178 1087 3264; baseline -0.005 -20"><span class='ocrx_word' id='word_1_196' title='bbox 143 3180 218 3244; x_wconf 84' lang='lat' dir='ltr'><strong>tetis</strong></span> <span class='ocrx_word' id='word_1_197' title='bbox 247 3180 439 3257; x_wconf 87' lang='lat' dir='ltr'><strong>comitantur,</strong></span> <span class='ocrx_word' id='word_1_198' title='bbox 465 3178 663 3264; x_wconf 84' lang='lat' dir='ltr'><strong>hinnitusque</strong></span> <span class='ocrx_word' id='word_1_199' title='bbox 691 3199 728 3242; x_wconf 86' lang='lat' dir='ltr'><strong>ao</strong></span> <span class='ocrx_word' id='word_1_200' title='bbox 749 3179 890 3243; x_wconf 83' lang='lat' dir='ltr'><strong>fremitus</strong></span> <span class='ocrx_word' id='word_1_201' title='bbox 916 3178 1087 3240; x_wconf 85' lang='lat' dir='ltr'><strong>observant.</strong></span> 
     </span>
    </p>

    <p class='ocr_par' dir='ltr' id='par_1_8' title="bbox 145 3275 1086 3364">
     <span class='ocr_line' id='line_1_30' title="bbox 145 3275 1086 3364; baseline -0.007 -20"><span class='ocrx_word' id='word_1_202' title='bbox 145 3277 217 3344; x_wconf 85' lang='lat' dir='ltr'><strong>Nee</strong></span> <span class='ocrx_word' id='word_1_203' title='bbox 230 3279 287 3344; x_wconf 92' lang='lat' dir='ltr'><strong>ulli</strong></span> <span class='ocrx_word' id='word_1_204' title='bbox 301 3280 440 3361; x_wconf 89' lang='lat' dir='ltr'><strong>auspicio</strong></span> <span class='ocrx_word' id='word_1_205' title='bbox 464 3280 561 3364; x_wconf 86' lang='lat' dir='ltr'><strong>major</strong></span> <span class='ocrx_word' id='word_1_206' title='bbox 573 3280 652 3343; x_wconf 91' lang='lat' dir='ltr'><strong>fides</strong></span> <span class='ocrx_word' id='word_1_207' title='bbox 667 3302 728 3344; x_wconf 91' lang='lat' dir='ltr'><strong>non</strong></span> <span class='ocrx_word' id='word_1_208' title='bbox 739 3277 844 3348; x_wconf 85' lang='lat' dir='ltr'><strong>&#39;solum</strong></span> <span class='ocrx_word' id='word_1_209' title='bbox 858 3277 940 3358; x_wconf 87' lang='lat' dir='ltr'><strong>apud</strong></span> <span class='ocrx_word' id='word_1_210' title='bbox 952 3275 1086 3356; x_wconf 91' lang='lat' dir='ltr'><strong>plebem,</strong></span> 
     </span>
    </p>

    <p class='ocr_par' dir='ltr' id='par_1_9' title="bbox 145 3376 1087 3466">
     <span class='ocr_line' id='line_1_31' title="bbox 145 3376 1087 3466; baseline -0.003 -23"><span class='ocrx_word' id='word_1_211' title='bbox 145 3379 203 3444; x_wconf 90' lang='lat' dir='ltr'><strong>sed</strong></span> <span class='ocrx_word' id='word_1_212' title='bbox 224 3379 307 3462; x_wconf 85' lang='lat' dir='ltr'><strong>apud</strong></span> <span class='ocrx_word' id='word_1_213' title='bbox 327 3401 481 3465; x_wconf 88' lang='lat' dir='ltr'><strong>proceres,</strong></span> <span class='ocrx_word' id='word_1_214' title='bbox 504 3380 587 3466; x_wconf 90' lang='lat' dir='ltr'><strong>apud</strong></span> <span class='ocrx_word' id='word_1_215' title='bbox 609 3379 802 3454; x_wconf 87' lang='lat' dir='ltr'><strong>sacerdotes;</strong></span> <span class='ocrx_word' id='word_1_216' title='bbox 827 3398 860 3439; x_wconf 90' lang='lat' dir='ltr'><strong>se</strong></span> <span class='ocrx_word' id='word_1_217' title='bbox 879 3376 961 3440; x_wconf 90' lang='lat' dir='ltr'><strong>enim</strong></span> <span class='ocrx_word' id='word_1_218' title='bbox 982 3377 1087 3440; x_wconf 87' lang='lat' dir='ltr'><strong>minis-</strong></span> 
     </span>
    </p>

    <p class='ocr_par' dir='ltr' id='par_1_10' title="bbox 145 3475 1261 3782">
     <span class='ocr_line' id='line_1_32' title="bbox 145 3475 1155 3564; baseline -0.001 -20"><span class='ocrx_word' id='word_1_219' title='bbox 145 3495 209 3545; x_wconf 82' lang='lat' dir='ltr'><strong>tros</strong></span> <span class='ocrx_word' id='word_1_220' title='bbox 243 3482 383 3558; x_wconf 85' lang='lat' dir='ltr'><strong>deorum,</strong></span> <span class='ocrx_word' id='word_1_221' title='bbox 411 3482 480 3546; x_wconf 91' lang='lat' dir='ltr'><strong>illos</strong></span> <span class='ocrx_word' id='word_1_222' title='bbox 516 3482 657 3544; x_wconf 89' lang='lat' dir='ltr'><strong>conscios</strong></span> <span class='ocrx_word' id='word_1_223' title='bbox 693 3490 811 3564; x_wconf 86' lang='lat' dir='ltr'><strong>putant.</strong></span> <span class='ocrx_word' id='word_1_224' title='bbox 838 3475 841 3480; x_wconf 78' lang='grc'><strong>’</strong></span> <span class='ocrx_word' id='word_1_225' title='bbox 868 3477 928 3542; x_wconf 88' lang='lat' dir='ltr'><strong>Est</strong></span> <span class='ocrx_word' id='word_1_226' title='bbox 964 3489 994 3541; x_wconf 89' lang='lat' dir='ltr'><strong>et</strong></span> <span class='ocrx_word' id='word_1_227' title='bbox 1030 3479 1088 3544; x_wconf 86' lang='lat' dir='ltr'><strong>alia</strong></span> <span class='ocrx_word' id='word_1_228' title='bbox 1150 3517 1155 3525; x_wconf 95' lang='lat'>·</span> 
     </span>
     <span class='ocr_line' id='line_1_33' title="bbox 146 3565 1261 3667; baseline -0.005 -21"><span class='ocrx_word' id='word_1_229' title='bbox 146 3584 320 3658; x_wconf 79' lang='lat' dir='ltr'><strong>observatio</strong></span> <span class='ocrx_word' id='word_1_230' title='bbox 349 3585 559 3664; x_wconf 84' lang='lat' dir='ltr'><strong>auspiciorum,</strong></span> <span class='ocrx_word' id='word_1_231' title='bbox 583 3605 644 3666; x_wconf 87' lang='lat' dir='ltr'><strong>qua</strong></span> <span class='ocrx_word' id='word_1_232' title='bbox 667 3583 804 3662; x_wconf 76' lang='lat' dir='ltr'><strong>gravium</strong></span> <span class='ocrx_word' id='word_1_233' title='bbox 825 3581 976 3645; x_wconf 90' lang='lat' dir='ltr'><strong>bellorum</strong></span> <span class='ocrx_word' id='word_1_234' title='bbox 998 3602 1087 3645; x_wconf 87' lang='lat' dir='ltr'><strong>even·</strong></span> <span class='ocrx_word' id='word_1_235' title='bbox 1109 3658 1115 3667; x_wconf 29' lang='grc' dir='ltr'><strong><em>ι</em></strong></span> <span class='ocrx_word' id='word_1_236' title='bbox 1135 3565 1179 3662; x_wconf 61' lang='lat' dir='ltr'><strong>&#39;s</strong></span> <span class='ocrx_word' id='word_1_237' title='bbox 1258 3599 1261 3640; x_wconf 57' lang='lat' dir='ltr'><strong>r</strong></span> 
     </span>
     <span class='ocr_line' id='line_1_34' title="bbox 146 3683 1089 3782; baseline -0.003 -34"><span class='ocrx_word' id='word_1_238' title='bbox 146 3692 197 3748; x_wconf 84' lang='lat' dir='ltr'><strong>tus</strong></span> <span class='ocrx_word' id='word_1_239' title='bbox 233 3687 409 3772; x_wconf 81' lang='lat' dir='ltr'><strong>explorant;</strong></span> <span class='ocrx_word' id='word_1_240' title='bbox 437 3685 503 3770; x_wconf 86' lang='lat' dir='ltr'><strong>ejus</strong></span> <span class='ocrx_word' id='word_1_241' title='bbox 536 3685 642 3765; x_wconf 82' lang='lat' dir='ltr'><strong>gentis,</strong></span> <span class='ocrx_word' id='word_1_242' title='bbox 678 3706 743 3746; x_wconf 87' lang='lat' dir='ltr'><strong>eum</strong></span> <span class='ocrx_word' id='word_1_243' title='bbox 781 3705 839 3764; x_wconf 83' lang='lat' dir='ltr'><strong>qua</strong></span> <span class='ocrx_word' id='word_1_244' title='bbox 878 3683 994 3746; x_wconf 90' lang='lat' dir='ltr'><strong>bellum</strong></span> <span class='ocrx_word' id='word_1_245' title='bbox 1009 3694 1089 3782; x_wconf 54' lang='lat' dir='ltr'>ff</span> 
     </span>
    </p>
   </div>
   <div class='ocr_carea' id='block_1_4' title="bbox 0 0 1284 4228">
    <p class='ocr_par' dir='ltr' id='par_1_11' title="bbox 0 0 1284 4228">
     <span class='ocr_line' id='line_1_35' title="bbox 0 0 1284 4228; baseline 0 0"><span class='ocrx_word' id='word_1_246' title='bbox 0 0 1284 4228; x_wconf 95' lang='lat' dir='ltr'><strong> </strong></span> 
     </span>
    </p>
   </div>
  </div>
 </body>
</html>
