2552 4228
215 271 255 329 24
531 291 561 331 c.
586 291 683 334 corn.
707 293 842 336 merrus

210 431 345 513 plerique
381 429 528 494 nobilium
564 430 806 496 adolescentium
840 444 949 514 petunt
983 433 1063 496 ultro
1093 455 1148 498 eas

209 532 455 613 nationesque
481 544 547 595 tum
572 532 689 596 bellurn
715 532 838 616 aliquod
862 546 994 618 gerunt3
1017 535 1091 619 quia
1116 549 1148 600 et

208 633 325 715 ingrata
344 633 429 716 genti
450 633 548 716 quies,
572 645 602 696 et
623 632 744 697 facilius
767 633 845 697 inter
865 634 1009 716 ancipitia
1033 635 1147 699 clares·

207 744 287 809 cunt,
317 753 525 817 magnumque
561 735 740 798 comitatum
767 755 828 797 uon
855 735 914 798 nisi
942 737 974 799 vi
1001 735 1146 820 belloque

208 840 333 896 tuentur
349 856 356 896 :
391 835 516 918 exigunt
533 836 617 898 enim
637 836 783 918 principis
798 837 847 900 sui
861 836 1041 900 liberalitate
1056 837 1146 902 illum

209 933 384 997 bellatorem
427 956 552 1018 equum,
596 935 681 998 illem
725 949 883 1000 cruentam
923 938 1146 1023 victricemque

209 1033 364 1098 frameam.
408 1034 492 1099 Nam
513 1037 622 1118 epulae
644 1049 684 1114 ot,
700 1059 875 1121 quanquam
897 1039 1052 1120 incompti,
1067 1039 1145 1124 largi

89 1149 101 1158 “
207 1148 309 1199 tamen
324 1150 486 1220 apparatus
507 1160 562 1219 pro
577 1138 726 1220 stipendio
741 1139 873 1204 cedunt:
895 1140 1023 1202 materia
1043 1143 1144 1204 muni·

207 1239 347 1302 ficentiae
367 1239 523 1320 perbelle
546 1253 577 1304 et
596 1253 711 1322 raptus.
743 1239 825 1324 ,Nec
847 1261 931 1304 arare
951 1253 1072 1320 terram,
1092 1255 1145 1306 aut

207 1354 368 1422 expectare
389 1363 512 1420 annum,
528 1355 592 1406 tarn
606 1341 696 1406 facile
710 1344 910 1427 persuaseris,
926 1363 1020 1426 quarn
1032 1364 1144 1406 vocare

185 1483 187 1487 ,
206 1441 311 1505 hostes
326 1453 357 1504 et
370 1443 498 1507 vulnera
517 1445 638 1506 mereri.
673 1437 812 1527 *Pigmm
833 1445 1003 1527 quinimmo
1017 1455 1048 1508 et
1062 1444 1144 1507 iners

206 1542 334 1619 videtur,
375 1543 485 1606 sudore
525 1545 692 1627 acquirere,
733 1544 816 1628 quod
854 1546 955 1630 possis
994 1547 1167 1630 sanguine
1195 1579 1197 1584 v

205 1664 322 1724 parare.

248 1743 320 1826 XV.
357 1743 514 1819 Quotiens
544 1746 627 1810 bella
668 1768 729 1809 non
763 1749 878 1824 ineunt,
915 1769 977 1811 non
1011 1747 1145 1834 multum

205 1847 376 1925 venatibus,
402 1847 473 1928 plus
500 1869 557 1934 per
585 1849 682 1914 otium
709 1849 889 1933 transigunt,
912 1848 1007 1912 dediti
1020 1905 1022 1912 .
1035 1869 1145 1912 somno

206 1949 346 2034 ciboque,
369 1947 553 2014 fortissimus
575 1952 706 2036 quisque
729 1972 766 2014 ec
786 1948 1039 2014 bellicosissimus
1068 1949 1145 2014 nihil

206 2071 311 2134 agens,
334 2050 474 2135 delegata
494 2050 604 2114 domus
626 2064 657 2115 et
676 2053 834 2135 penatium
855 2062 886 2115 et
907 2073 1049 2136 agromm
1070 2073 1145 2114 cura

206 2151 328 2215 feminis
352 2151 538 2236 senibusque
555 2163 586 2215 et
599 2152 807 2215 infirmissimo
827 2153 940 2237 cuique
955 2173 993 2216 ex
1006 2152 1142 2216 familia:

207 2254 266 2332 ipsi
294 2253 425 2329 hebent;
462 2253 540 2315 mira
567 2248 741 2318 diversitate
776 2265 911 2330 naturae,
942 2275 1015 2316 cum
1049 2251 1145 2316 iidem

206 2353 344 2415 homines
360 2353 405 2415 sic
420 2365 523 2416 ament
544 2354 684 2419 inertiam
698 2366 729 2418 et
743 2354 861 2418 oderint
881 2355 1027 2438 quietern.
1071 2351 1144 2416 Mos

207 2465 254 2516 est
269 2453 442 2517 civitatibus
463 2453 543 2517 ultro
558 2475 595 2517 ac
608 2455 720 2519 viritim
736 2455 872 2518 conferre
892 2454 1080 2539 principibus
1093 2453 1144 2517 vel

207 2567 412 2618 armentorum
432 2555 482 2619 rel
503 2551 637 2641 frugum,
653 2557 737 2641 quod
756 2579 811 2640 pro
833 2556 946 2620 honore
971 2566 1143 2637 acceptum,

207 2657 299 2720 etiam
326 2657 562 2722 necessitatibus
600 2658 752 2738 subvenit
806 2656 951 2721 Gaudent
979 2655 1144 2740 praecipue

207 2759 404 2822 finitimarum
425 2747 563 2844 gentium
577 2758 676 2836 donis,
692 2780 771 2843 quae
785 2781 847 2822 non
864 2757 955 2823 modo
970 2778 989 2819 a
1003 2755 1143 2838 singulis,

98 2915 102 2920 .
209 2859 264 2923 sed
298 2861 421 2941 publice
456 2861 636 2923 mittuntur:
673 2861 764 2923 electi
792 2859 874 2940 eqni,
903 2877 1015 2938 magna
1050 2879 1144 2932 arma,

208 2960 360 3043 phalerae,
389 2972 584 3042 torquesque.
639 2957 711 3022 Jam
740 2971 770 3022 ct
804 2957 969 3042 pecuniam
1004 2959 1144 3044 accipere
1178 3021 1180 3026 ,

208 3060 381 3124 docuimus.

251 3159 340 3224 XVI.
363 3157 475 3224 Nullas
498 3155 723 3224 Germanorum
743 3158 866 3242 populis
887 3157 980 3222 urbes
1005 3157 1146 3236 habitari,

212 3265 284 3327 ratis
311 3273 418 3326 notum
446 3272 511 3324 est:
546 3281 585 3322 ne
612 3259 676 3343 pati
706 3259 832 3344 quidem
860 3260 938 3324 inter
966 3281 999 3324 se
1024 3258 1147 3344 junctas

213 3365 310 3429 sedes,
356 3363 471 3428 Colunt
485 3363 609 3426 discreti
627 3382 664 3424 ac
678 3360 802 3438 diversi,
816 3373 852 3426 ut
865 3361 943 3440 fons,
957 3374 994 3426 ut
1007 3383 1150 3447 campus,

212 3479 244 3528 ut
270 3487 380 3530 nemus
415 3464 540 3546 placuit.
592 3462 688 3526 Vicos
723 3463 833 3542 locant,
862 3487 924 3528 non
952 3465 983 3526 in
1010 3475 1149 3526 nostrum

211 3588 336 3642 morem,
360 3567 505 3628 connexis
534 3578 565 3629 et
593 3564 827 3629 cohaerentibus
857 3550 1024 3629 aedificiis:
1060 3584 1149 3626 suam

211 3671 341 3754 quisque
355 3666 482 3730 domum
504 3669 602 3748 spatio
617 3666 794 3746 circumdat,
810 3668 875 3730 sire
890 3665 1036 3730 adversus
1058 3680 1149 3728 cesus
1168 3738 1171 3742 p
