2552 4228
482 329 524 372 os
548 328 727 384 canuims,
1035 315 1075 372 29

142 497 200 542 um
215 489 320 542 temen
334 488 387 540 aut
401 476 577 540 mercedem
590 499 598 553 ;
622 477 764 560 quamvis
783 475 909 540 audacis
931 474 1076 540 lasciviae

130 580 267 662 pretium
303 590 352 642 est
389 578 530 659 voluptas
567 579 773 662 spectantium
836 577 958 653 Aleam,
995 577 1076 661 quod

131 681 255 757 mirere,
274 679 367 743 sobrii
389 679 468 742 inter
489 679 568 742 serie
589 691 733 742 exercent
754 691 837 742 tanta
857 677 994 742 lucrandi
1011 699 1078 760 per-

132 781 266 846 dendive
282 781 463 857 temeritate,
478 791 522 855 ut,
535 801 608 844 cum
623 781 725 844 omnia
738 779 926 856 defecerunt,
944 791 1078 843 extremo

133 905 173 946 ac
193 882 363 946 novissimo
388 881 471 962 jectu
485 880 524 944 de
546 881 684 946 libertate
700 901 737 946 ao
750 880 789 944 de
804 902 932 965 corpore
955 892 1078 944 conten·

133 984 218 1047 dant.
261 982 373 1046 Victus
394 982 597 1046 voluntariam
625 983 804 1048 servitutem
825 983 907 1048 edit:
937 983 1078 1066 quamvis

139 1085 290 1170 juvenior,
326 1084 468 1168 quemvis
503 1084 664 1159 robustior,
692 1085 810 1168 alligari
847 1106 881 1147 se
910 1105 947 1148 ac
974 1084 1077 1148 venire

134 1187 267 1272 patitur:
298 1207 336 1248 ea
364 1197 412 1248 est
439 1187 471 1249 in
499 1207 532 1250 re
561 1207 655 1268 prave
681 1185 875 1268 pervicacia:
899 1186 959 1266 ipsi
986 1185 1078 1250 fidem

134 1299 255 1352 vocant.
310 1286 423 1350 Servos
458 1286 642 1351 conditionis
675 1286 768 1370 hujus
804 1308 860 1360 per
895 1288 1078 1350 commercia

134 1389 267 1465 tradunt,
282 1401 317 1452 ut
330 1410 364 1451 se
380 1409 503 1472 quoque
517 1387 633 1469 pudore
648 1389 792 1452 victoriae
807 1387 974 1452 exsolvant.

178 1488 294 1588 KQ
308 1487 427 1554 Ceteris
450 1477 564 1567 servis,
579 1511 641 1554 non
661 1491 693 1554 in
714 1501 853 1553 nostrum
874 1509 993 1562 morem
1007 1487 1078 1552 des·

134 1593 241 1674 criptis
282 1612 338 1672 per
365 1590 521 1657 familiam
562 1591 749 1667 ministeriis,
786 1603 923 1655 utuntur.
981 1590 1078 1654 Suam

134 1695 268 1778 quisque
312 1691 428 1769 sedem,
472 1714 546 1756 suos
587 1704 717 1773 penates
757 1693 845 1776 regit.
921 1690 1077 1755 Frumenti

134 1793 264 1858 modum
293 1791 445 1870 dominus,
473 1804 527 1857 aut
555 1793 674 1875 pecoris
702 1805 755 1856 aut
775 1794 881 1868 vestis,
903 1804 937 1854 ut
960 1791 1078 1868 colono,

134 1895 290 1980 injungit:
327 1907 359 1958 et
387 1915 494 1958 servus
522 1894 672 1958 hactenus
699 1905 806 1975 paret;
839 1905 941 1955 cetera
968 1892 1078 1954 domus

136 1997 240 2060 officia
253 2017 330 2060 uxor
344 2017 380 2058 ac
394 1995 482 2058 liberi
504 2006 723 2078 exsequuntur.
766 1992 936 2056 Verberare
957 2013 1078 2056 servum

136 2111 173 2162 ac
186 2097 321 2161 vinculis
336 2107 367 2160 et
381 2117 472 2178 opere
487 2117 639 2173 coercere,
652 2117 765 2160 rarum.
803 2094 955 2158 Occidere
971 2093 1078 2170 solent,

135 2221 197 2264 uon
225 2198 388 2280 disciplina
416 2211 448 2260 et
476 2198 647 2274 severitate,
678 2197 734 2261 sed
761 2199 878 2280 impetu
907 2209 939 2260 ct
962 2197 1016 2274 ira,
1046 2207 1079 2262 ut

135 2302 308 2376 inimicum,
336 2300 396 2363 uisi
424 2298 508 2383 quod
535 2299 672 2386 impune.
716 2297 834 2364 Liberti
861 2321 922 2362 non
946 2299 1079 2364 multum

137 2424 230 2484 supra
252 2423 357 2465 servos
381 2413 462 2478 sunt,
477 2422 545 2464 raro
567 2401 691 2486 aliquod
711 2415 902 2468 momentum
923 2402 955 2466 in
976 2402 1078 2480 domo,

136 2524 296 2587 nunquam
316 2503 347 2565 in
370 2503 514 2580 civitate;
538 2504 674 2583 exceptis
696 2502 841 2566 duntaxat
862 2504 900 2567 iis
924 2505 1077 2588 gentibus,

137 2624 215 2687 quae
237 2616 425 2686 regnantur:
451 2602 493 2666 ibi
519 2604 602 2668 enim
616 2617 647 2666 et
661 2623 755 2688 super
776 2604 926 2686 ingenuos
942 2617 973 2666 et
988 2626 1076 2684 super

136 2704 257 2768 nobiles
294 2703 484 2768 ascendunt:
521 2705 604 2790 apud
633 2717 751 2769 ceteros
787 2705 919 2784 impares
947 2705 1076 2767 libertini
1122 2735 1129 2742 ·

136 2804 287 2870 libertatis
309 2816 524 2888 argumentum
547 2817 628 2869 sunt.

179 2905 304 2971 XXVI.
326 2905 431 2970 Fenus
453 2909 567 2991 agitare
583 2908 659 2971 etin
672 2929 783 2972 usuras
806 2905 978 2984 extendere,
994 2908 1066 2992 igno

138 3021 223 3072 tum:
247 3007 378 3091 ideoque
401 3010 501 3092 magis
524 3021 670 3086 servatur,
686 3030 779 3094 quam
794 3009 820 3072 si
834 3009 962 3073 vetitum
985 3022 1068 3073 esset

41 3145 47 3161 =
137 3110 214 3192 Agri
238 3130 295 3193 pro
309 3129 438 3172 numero
455 3109 609 3174 cultorum
623 3109 661 3172 ab
674 3111 826 3174 universis
841 3113 872 3174 in
886 3112 971 3174 vices
987 3133 1064 3174 occu

136 3223 256 3292 pantur,
291 3231 369 3293 quos
397 3231 470 3274 mox
504 3212 582 3274 inter
610 3233 644 3274 se
674 3213 845 3276 secundum
872 3211 1078 3294 dignationem

137 3311 327 3393 partiuntur:
366 3309 544 3374 facilitatem
580 3313 730 3396 partiendi
767 3331 945 3390 camporum
982 3311 1078 3389 spatia

137 3423 301 3494 praestant.
346 3411 432 3474 Arva
445 3433 500 3492 per
513 3433 608 3475 annos
626 3423 763 3474 mutant:
787 3422 818 3472 et
832 3421 972 3490 superest
986 3431 1077 3494 agcr;

137 3533 194 3575 nec
209 3513 381 3584 enimcum
395 3512 534 3576 ubertate
549 3525 580 3576 et
594 3511 793 3594 amplitudine
808 3510 865 3574 soli
887 3511 990 3576 labore
1008 3533 1080 3576 con·

139 3614 276 3690 tendunt,
297 3625 332 3678 ut
357 3615 495 3696 pomaria
523 3625 684 3677 conserant
711 3627 743 3678 et
770 3629 855 3695 prata
884 3626 1025 3695 separent
1049 3627 1079 3677 et

139 3713 240 3780 hortos
269 3717 391 3801 rigent:
431 3715 497 3778 sola
524 3727 620 3780 terrae
650 3737 741 3800 seges
770 3717 945 3798 imperatur.
990 3713 1079 3776 Unde
