2552 4228
481 285 521 328 na
546 286 726 330 sennenn.
1033 269 1072 326 2³

129 424 178 490 rel
200 427 380 511 propinquis
403 426 470 510 ejus
499 424 675 488 exsolvitur.
717 422 885 506 Eligantur
906 421 938 485 in
959 421 1225 500 iisdcurtifflrgm

128 528 270 592 conciliis
299 539 331 590 ct
358 528 522 612 principes,
548 527 602 610 qui
626 525 695 610 jura
717 545 772 606 per
804 545 900 608 pagos
922 523 1069 608 vicosque
1102 504 1185 586 Q

127 629 271 693 reddunt.
327 629 458 692 Centeni
488 627 616 712 singulis
646 648 685 690 ex
711 626 801 708 plebe
830 626 969 703 comites,
998 648 1069 690 con·

129 729 234 792 silium
249 729 388 792 simulet
402 729 575 804 auctoritas,
592 727 712 790 adsunt.

170 827 266 892 XIII.
289 827 377 892 Nihil
398 839 502 890 autem
527 848 627 911 neque
648 826 790 908 publicae
812 848 913 910 neque
933 827 1068 908 privatae
1082 849 1243 914 §dmm

1100 921 1220 1066 ,ul-«n

127 931 183 1007 rei,
206 931 267 993 nisi
295 930 403 992 armati
427 940 532 1012 agunt.
577 928 640 992 Sed
662 950 745 990 anne
774 949 895 993 sumere
917 940 1068 993 nonanto

127 1033 276 1114 cuiquam
297 1032 401 1107 moris,
420 1051 514 1114 quam
535 1031 642 1092 civitas
665 1029 866 1100 suffecturum
887 1029 1067 1112 probaverit.

127 1132 218 1196 Tum
231 1133 263 1195 in
277 1134 343 1212 ipso
365 1132 503 1207 concilio,
519 1131 569 1194 vel
590 1131 763 1212 principum
784 1130 895 1214 aliquis
909 1131 959 1194 vel
982 1139 1067 1212 pater

126 1233 180 1296 vel
215 1235 402 1317 propinquus
439 1245 527 1296 scuto
555 1231 732 1314 frameaque
764 1233 911 1315 juvenem
942 1245 1066 1295 ornant:

127 1335 207 1398 haec
234 1334 316 1415 apud
343 1334 412 1398 illos
439 1346 520 1418 toga,
550 1332 601 1396 hic
628 1333 746 1413 primus
777 1332 921 1417 juventae
949 1331 1066 1396 honos:

125 1448 198 1500 ante
234 1434 293 1498 hoe
326 1434 436 1500 domus
472 1455 543 1519 pars
578 1432 728 1510 ridentur,
763 1456 836 1498 mox
870 1434 1066 1516 reipublicae.

127 1538 263 1622 Insignis
285 1535 436 1612 nobilitas,
460 1549 513 1599 aut
534 1557 647 1620 magna
669 1548 790 1616 patrum
815 1535 932 1612 merita,
956 1536 1067 1618 princi·

124 1640 176 1721 pis
218 1637 426 1722 dignationem
469 1638 562 1702 etiam
605 1634 842 1702 adolescentulis
885 1638 1065 1722 assignant:

125 1741 247 1803 ceteris
267 1738 489 1802 robustioribus
517 1760 554 1801 ac
586 1738 769 1822 jampridem
796 1738 931 1820 probatis
959 1759 1064 1823 aggre-

125 1853 259 1926 gantur;
296 1861 354 1904 neo
390 1840 491 1916 rubor,
521 1840 755 1902 inter'comites
791 1839 898 1919 aspici.
943 1837 1066 1904 Gradus

126 1941 310 2025 quinetiam
325 1952 355 2003 et
370 1941 435 2022 ipse
458 1940 622 2002 comitatus
640 1936 732 2000 habet
749 1936 866 2021 judicio
881 1937 958 2022 ejus,
974 1959 1067 2022 quern

127 2055 301 2106 sectantur:
331 2061 504 2126 magnaque
527 2051 558 2104 et
586 2040 735 2103 comitum
757 2039 932 2116 aemulatio,
955 2040 1067 2123 quibus

124 2144 245 2225 primus
260 2142 341 2224 apud
362 2143 533 2226 prinoipem
547 2161 639 2205 suum
660 2140 758 2214 locus,
773 2151 804 2203 et
816 2139 1000 2225 principum,
1016 2161 1067 2204 cur

124 2245 251 2327 plurimi
266 2256 297 2307 et
310 2244 451 2307 acerrimi
465 2243 604 2306 comites.
640 2241 732 2306 Haec
746 2241 887 2326 dignitas,
902 2241 961 2305 hae
974 2243 1066 2320 vires,

125 2367 242 2430 magno
262 2367 383 2427 semper
404 2344 572 2408 electorum
590 2344 741 2429 juvenum
761 2344 853 2428 globo
875 2344 1066 2422 circumdari,

93 2499 98 2502 -
126 2451 161 2513 in
181 2470 257 2532 pace
279 2447 386 2524 decus,
413 2448 445 2511 in
468 2446 551 2510 bello
575 2445 773 2528 praesidium.
816 2445 887 2510 Nee
913 2447 1014 2511 solum
1036 2449 1067 2510 in

126 2571 186 2613 sue
206 2561 298 2632 gente
319 2549 443 2632 cuique,
459 2546 514 2611 sed
528 2547 611 2632 apud
624 2547 769 2614 finitimas
784 2568 906 2630 quoquo
929 2548 1067 2611 civitates

126 2651 160 2714 id
173 2670 296 2726 nomen,
312 2671 349 2712 oa
362 2649 530 2734 gloriaest,
544 2651 572 2712 si
585 2669 713 2712 numero
728 2669 765 2710 ac
778 2649 889 2710 virtute
905 2649 1067 2712 comitatus

126 2753 280 2816 emineat:
304 2762 487 2832 expetuntur
508 2751 591 2813 enim
611 2747 816 2832 legationibus
838 2760 870 2810 et
889 2748 1067 2811 muneribus

127 2864 272 2917 ornantur
287 2863 318 2915 et
331 2853 399 2934 ipsa
412 2850 594 2936 plerumque
609 2848 692 2912 fama
704 2849 787 2913 bella
800 2848 972 2934 profligant.

170 2952 261 3018 XIV.
285 2953 369 3018 Cum
386 2965 513 3016 ventum
527 2953 559 3016 in
573 2953 682 3028 aciem,
698 2963 786 3033 turpe
807 2951 936 3034 principi
957 2951 1068 3038 virtute
1080 2983 1108 3044 p,
1123 3017 1147 3044 w
1209 3013 1227 3033 ..

125 3056 219 3133 vinci,
241 3067 331 3137 turpe
359 3054 527 3131 comitatui,
550 3055 694 3118 virtutem
721 3054 868 3139 principis
896 3074 958 3117 non
979 3053 1068 3118 adae·
1094 3055 1218 3141 ffel?

126 3178 233 3242 quare.
276 3155 350 3220 Jam
376 3177 450 3220 vero
475 3154 588 3219 infame
617 3156 650 3219 in
677 3177 802 3219 omnem
826 3155 921 3219 vitam
943 3125 1071 3235 Wffi
1099 3137 1230 3249 bol&

124 3261 263 3335 brosum,
287 3259 485 3343 superstitem
509 3258 640 3342 principi
662 3278 719 3319 suo
741 3276 780 3318 ex
801 3256 867 3318 acie
889 3255 1068 3318 recessisse.
1261 3267 1263 3272 ’

124 3361 220 3425 Illum
239 3359 413 3436 defendere,
429 3360 519 3435 tueri,
535 3379 592 3420 sua
613 3375 736 3440 quoque
750 3355 840 3418 fortia
853 3353 934 3416 fecta
954 3351 1069 3438 gloriae

123 3462 194 3548 ejus
216 3463 384 3545 assignare,
407 3460 610 3545 praecipuum
632 3467 858 3519 sacramentum
879 3467 937 3518 est.
980 3453 1069 3519 Prin-

123 3565 212 3646 cipes
233 3585 289 3646 pro
303 3563 430 3626 victoria
450 3571 607 3649 pugnant;
629 3559 758 3620 comites
773 3579 827 3638 pro
841 3557 989 3638 principe.
1034 3555 1068 3620 Si

124 3667 243 3742 civitas,
260 3666 292 3728 in
316 3684 377 3748 qua
403 3662 459 3726 orti
485 3672 564 3738 sunt,
580 3660 672 3744 longa
695 3681 771 3742 pace
799 3671 830 3723 et
855 3660 916 3722 otio
941 3669 1059 3739 torpeat
