2526 4222
482 309 651 353 scarconn.
998 295 1037 354 65

99 470 181 542 gete.
225 456 254 520 Ii
280 468 361 533 sunt,
383 477 461 538 quos
488 457 626 538 proximo
654 479 742 533 anno,
766 479 858 520 unam
886 449 1048 540 legionem‘

98 557 179 622 furto
201 558 301 620 noctis
323 577 497 640 aggressos,
513 557 645 620 clamore
660 555 857 622 debellastis:
880 558 901 620 ii
923 570 1037 622 cetero·

99 681 167 722 rum
182 657 399 722 Britannorum
420 657 624 740 fugacissimi,
640 659 769 742 ideoque
785 657 914 722 tamdiu
933 680 1037 739 super·

100 761 198 823 stites.
265 757 429 832 Quomodo
472 758 564 821 silvas
608 759 764 842 saltusque
810 760 1037 844 penetrantibus

99 858 303 924 fortissimum
324 857 468 942 quodque
497 857 609 922 animal
630 871 734 922 contra
754 880 854 935 ruere,
876 859 985 940 pavida
1008 871 1036 922 et

98 961 208 1024 inertia
243 959 311 1044 ipso
347 959 478 1042 agminis
515 980 590 1023 sono
623 960 785 1040 pelluntur,
821 962 866 1024 sic
898 961 1035 1024 acerrimi

99 1059 317 1130 Britannorum
349 1059 414 1144 jam
440 1059 560 1141 pridem
587 1060 788 1124 ceciderunt:
824 1061 961 1146 reliquus
990 1075 1036 1126 est

99 1182 249 1226 numerus
271 1162 450 1244 ignavorum
472 1173 504 1224 et
524 1163 749 1238 metuentium,
771 1183 850 1244 quos
871 1162 953 1245 quod
973 1173 1036 1226 tan·

99 1262 168 1326 dem
192 1263 364 1337 invenistis,
379 1283 439 1324 non
459 1262 644 1337 restiterunt,
667 1261 722 1324 sed
742 1261 925 1346 deprehensi
947 1275 1036 1324 sunt.-

98 1364 284 1427 novissimae
319 1383 370 1426 res
399 1374 429 1426 et
457 1374 593 1426 extremo
627 1374 713 1426 metu
748 1383 873 1444 corpora
904 1362 1037 1426 defixere

99 1465 198 1526 aciem
220 1463 253 1526 in
274 1461 322 1526 his
352 1464 500 1546 vestigiis,
523 1463 688 1546 inquibus
717 1463 877 1545 pulchram
898 1476 928 1526 et
951 1483 1038 1544 spec·

98 1564 225 1632 tabilem
247 1564 406 1627 victoriam
433 1563 576 1628 ederetis.
619 1564 795 1649 Transigite
821 1587 893 1630 cum
915 1563 1062 1646 expedi·-

98 1665 253 1727 tionibus:
276 1665 423 1744 imponite
437 1665 656 1747 quinquaginta
670 1667 756 1729 annis
770 1687 917 1750 magnum
931 1666 1013 1730 diem
1027 1691 1034 1727 :

99 1765 265 1850 approbate
299 1763 485 1845 reipublicae
521 1785 677 1848 nunquam
713 1767 859 1828 exercitui
895 1766 1034 1846 imputari

98 1867 237 1948 potuisse
251 1877 305 1928 aut
318 1887 419 1928 moras
433 1864 506 1928 belli
521 1877 575 1928 aut
588 1885 699 1928 causas
714 1864 910 1928 rebellandi.’'

139 1963 272 2031 XXXV.
302 1966 346 2030 Et
379 1965 551 2050 alloquente
585 1964 686 2028 adhuc
718 1964 872 2049 Agricola,
905 1965 1037 2028 militum

98 2069 188 2134 ardor
216 2068 380 2145 eminebat,
410 2080 441 2132 et
467 2069 563 2132 finem
591 2068 733 2131 orationis
761 2069 870 2151 ingens
899 2067 1037 2130 alacritas

99 2182 266 2235 consecuta
280 2182 337 2246 est,
354 2171 516 2253 statimque
531 2169 571 2233 ad
584 2191 669 2233 arma
682 2168 867 2234 discursum.
909 2168 1038 2232 Instinc-

99 2287 147 2336 tos
169 2283 356 2355 ruentesque
378 2273 420 2336 ita
436 2271 596 2353 disposuit,
611 2283 647 2334 ut
660 2269 799 2354 peditum
821 2269 943 2347 auxilia,
958 2291 1037 2353 quae

100 2386 170 2438 octo
197 2366 301 2436 millia
315 2383 409 2448 erant,
432 2371 566 2436 mediam
588 2373 687 2435 aciem
707 2372 870 2449 firmarent,
900 2372 1039 2455 equitum

6 2507 7 2510 ¹
99 2476 157 2538 tria
178 2472 274 2538 millia
295 2473 438 2536 cornibus
460 2471 706 2536 effunderentur:
729 2472 866 2556 legiones
887 2473 1038 2554 provallo

100 2584 222 2649 stetere,
246 2576 355 2658 ingens
378 2575 522 2640 victoriae
544 2573 641 2637 decus
666 2574 741 2636 citra
765 2573 943 2638 Romanum
971 2595 1039 2636 san·
1123 2585 1126 2592 ’

100 2678 228 2761 guinem
241 2675 377 2750 bellanti,
400 2687 431 2740 et
451 2675 609 2750 auxilium,
632 2676 658 2737 si
682 2673 876 2758 pellerentur.
921 2672 1039 2735 Britan·

99 2799 211 2840 norum
225 2777 319 2851 acies,
335 2776 367 2838 in
382 2775 517 2855 speciem
532 2773 625 2838 simul
639 2794 676 2836 ac
690 2784 844 2847 terrorem,
862 2768 1039 2862 editioribus

112 2880 179 2942 ocis
201 2878 378 2940 constiterat
399 2877 450 2951 ita,
472 2887 508 2938 ut
527 2875 662 2959 primurn
686 2892 798 2956 agmen
821 2891 930 2954 aequo,
947 2872 1040 2934 ceteri

99 2999 157 3064 per
178 2978 294 3042 acclive
316 2977 428 3060 jugum
450 2976 577 3038 connexi
599 2975 684 3038 velut
704 2975 915 3056 insurgerent:
938 2968 1040 3036 media

100 3079 204 3159 campi
226 3077 399 3141 covinarius
421 3088 452 3138 et
477 3095 573 3157 eques
600 3075 728 3158 strepitu
742 3095 779 3137 ac
793 3073 934 3137 discursu
957 3095 1039 3136 corn·

98 3179 215 3261 plebat.
258 3177 345 3240 Turn
359 3176 504 3259 Agricola
522 3189 684 3257 superante
698 3175 834 3239 hostium
847 3173 1040 3236 multitudine

98 3281 226 3354 veritus,
242 3298 281 3340 ne
305 3276 399 3340 simul
420 3277 451 3339 in
472 3275 611 3352 frontem,
628 3275 720 3339 simul
741 3287 772 3338 et
796 3273 891 3336 latera
915 3292 1040 3335 suorum

98 3391 297 3464 pugnaretur,
321 3378 454 3442 diductis
484 3377 649 3452 ordinibus,
676 3393 851 3460 quanquam
877 3371 1041 3453 porrectior

99 3483 182 3544 acies
212 3480 316 3544 futura
347 3491 412 3542 erat
440 3490 471 3541 et
498 3476 696 3540 arcessendas
731 3474 867 3556 plerique
903 3471 1040 3554 legiones

99 3582 314 3658 admonebant,
336 3581 503 3661 promptior
531 3579 562 3641 in
591 3594 679 3659 spem
707 3589 737 3639 et
759 3575 865 3640 finnus
894 3571 1041 3649 adversis,

100 3683 229 3748 dimisso
243 3704 326 3768 equo
339 3681 435 3764 pedes
449 3691 517 3744 ante
532 3678 643 3742 vexilla
657 3677 792 3744 constitit
