2552 4228
197 292 237 352 ’38
507 309 537 350 c.
561 305 658 350 cons.
681 303 817 348 ructans

196 469 337 520 externos
362 417 527 537 patiuntur.
573 453 637 518 Sed
661 455 708 517 vis
738 467 768 517 et
789 453 924 535 potentia
953 453 1079 538 regibus
1100 472 1133 520 et

196 559 374 622 auctoritate
410 557 575 620 Romana:
612 579 679 619 raro
715 557 807 620 armis
850 556 972 632 nostris,
1014 557 1157 640 saepius·

198 661 327 741 pecunie
338 661 491 743 juvantur,
507 680 566 721 nec
580 659 682 720 minus
697 657 810 721 valent.

237 757 348 824 XLIII.
372 761 468 824 Retro
495 760 653 842 Marsigni,
679 758 815 836 Gothini,
840 759 908 835 Osi,
932 758 1030 832 Burii‚
1054 773 1136 843 terga

199 864 486 928 Marcomannorum
508 861 750 943 Quadorumque
779 860 946 923 claudunt:
978 882 996 922 e
1026 862 1136 944 quibus

199 967 347 1049 Marsigni
372 978 402 1028 et
417 963 505 1027 Burii
527 983 668 1024 sermone
690 962 835 1046 cultuque
852 961 974 1024 Suevos
992 963 1127 1026 referunt

198 1066 349 1130 Gothinos
366 1064 496 1141 Gallica,
513 1064 595 1126 Osos
610 1062 787 1127 Pannonica
805 1064 911 1147 lingua
925 1061 1066 1147 coarguit
1079 1085 1136 1126 non

120 1165 129 1179 ⁸
198 1190 268 1232 esse
291 1167 474 1244 Germanos,
498 1178 529 1228 et
556 1165 638 1248 quod
663 1155 777 1227 tributa
804 1167 969 1245 patiuntur.
1014 1164 1137 1228 Partem

198 1273 379 1335 tributorum
402 1269 570 1344 Sarmatae,
600 1277 718 1347 partem
739 1265 853 1342 Quadi,
884 1280 919 1330 ut
948 1265 1136 1350 alienigenis,

197 1375 366 1454 imponunt.
414 1371 550 1445 Gothini,
580 1391 642 1452 quo
676 1370 776 1452 magis
811 1368 935 1450 pudeat,
966 1381 997 1430 et
1025 1368 1137 1431 ferrum

198 1475 354 1536 effodiunt.
400 1472 579 1552 Omnesque
602 1471 634 1533 hi
656 1471 761 1551 populi
789 1492 889 1552 pauca
910 1471 1136 1550 campestrium,

198 1587 334 1638 ceterum
357 1573 452 1634 saltus
475 1584 505 1634 et
526 1572 656 1634 vertices
682 1573 832 1634 montium
857 1571 1032 1656 jugumque
1060 1573 1138 1635 inse·

198 1675 314 1737 derunt.
358 1670 482 1735 Dirimit
504 1672 586 1735 enim
602 1672 774 1755 scinditque
791 1672 939 1734 Sueviam
961 1673 1137 1735 continuum

198 1776 347 1840 montium
369 1774 489 1860 jugum,
512 1774 591 1837 ultra
614 1774 696 1856 quod
716 1773 866 1855 plurimae
893 1786 1001 1857 gentes
1024 1786 1136 1858 agunt:

198 1901 236 1941 ex
257 1879 369 1962 quibus
391 1878 540 1951 latissime
561 1889 646 1958 patet
660 1875 830 1959 Lygiorum
850 1897 963 1938 nomen
984 1876 1014 1938 in
1037 1877 1137 1957 plures

198 1982 336 2044 civitates
352 1980 511 2043 diffusum.
554 1977 790 2042 Valentissimas
805 1978 981 2040 nominasse
997 1978 1137 2054 sufficiet,

198 2079 299 2158 Arios,
329 2081 537 2154 HelveconaS,
568 2078 733 2162 ManimOS,
771 2077 907 2157 ElysioS,
938 2077 1128 2144 Naharvalos

201 2184 292 2268 Apud
306 2180 497 2246 Naharvalos
520 2181 662 2263 antiquae
683 2180 839 2264 religionis
855 2180 946 2243 lucus
962 2181 1137 2244 ostenditur.

201 2285 357 2346 Praesidet
379 2282 521 2345 sacerdos
544 2283 687 2345 muliebri
710 2294 835 2345 ornatu:
864 2282 920 2345 sed
941 2282 1026 2358 deos,
1050 2283 1138 2346 inter-

199 2385 367 2467 pretatione
398 2383 549 2459 Romana,
581 2383 742 2445 Castorem
772 2381 995 2466 Pollucemque
1025 2405 1138 2446 merno-

199 2499 283 2551 rant:
309 2507 346 2548 ea
362 2486 406 2548 vis
426 2486 543 2548 numini
558 2507 565 2562 ;
588 2507 700 2547 nomen
716 2485 813 2548 Alcis,
857 2484 953 2548 Nulla
968 2487 1137 2562 simulacra,

199 2590 318 2653 nullum
346 2588 524 2672 peregrinae
554 2589 778 2672 superstitionis
806 2587 994 2670 vestigium:
1011 2589 1061 2651 ‘ut
1083 2588 1139 2651 sra-

200 2706 260 2756 tres
289 2703 401 2768 tamen,
430 2702 466 2755 ut
489 2690 630 2776 juvenes,
660 2701 850 2752 venerantur.
898 2689 1047 2752 Ceterum
1076 2691 1139 2754 Arii
1228 2743 1230 2748 ,

200 2817 293 2880 super
321 2795 411 2871 vireo,
442 2793 553 2875 quibus
584 2804 776 2854 enumeratos
812 2789 904 2872 paulo
940 2804 1009 2853 ante
1045 2813 1139 2872 popu·

201 2894 245 2956 los
272 2891 464 2964 antecedunt,
494 2900 606 2962 truces,
633 2889 742 2950 insitae
768 2888 879 2951 feritati
908 2901 970 2951 arte
1001 2911 1037 2952 ac
1066 2901 1125 2958 tem

201 3013 272 3074 pore
308 2991 527 3054 lenocinantur.
591 2987 689 3072 Nigra
725 3003 822 3066 scuta,
860 2991 954 3054 tincta
990 3013 1138 3075 corpora:

201 3107 279 3158 atras
309 3092 348 3154 ad
374 3089 489 3173 proelia
517 3103 623 3152 noctes
659 3091 786 3175 legunt:
825 3094 952 3177 ipsaque
982 3093 1139 3156 formidine

202 3212 291 3280 atque
313 3195 422 3259 umbra
436 3192 539 3257 feralis
562 3194 714 3285 exerqitus
737 3195 1041 3272 terrorem'inferunt‚
1058 3197 1139 3260 nullo

202 3299 334 3362 hostium
363 3298 529 3361 sustinente
558 3317 673 3359 novum
695 3317 731 3358 ac
752 3297 837 3360 velut
859 3298 1139 3382 infernum'aspoc-

106 3480 109 3487 Ι
202 3413 285 3463 tum:
309 3422 380 3462 narn
402 3399 491 3480 primi
514 3399 546 3461 in
568 3398 710 3461 omnibus
725 3399 849 3482 proeliis
872 3401 953 3463 oculi
968 3401 1139 3462 vincuntur.

201 3501 301 3562 Trans
332 3497 617 3582 LygiosGothones
634 3513 807 3584 regnantur,
831 3503 922 3581 paulo
941 3501 1006 3584 jam
1028 3503 1139 3564 adduc·

157 3676 160 3680 Ι
202 3603 270 3676 due,
301 3621 394 3682 quam
431 3611 550 3670 ceterae
589 3599 813 3661 Germanorum
850 3615 967 3682 gentes,
1005 3605 1143 3667 nondum'

202 3716 302 3767 tamen
325 3720 415 3778 supra
436 3697 618 3758 libertatem.
663 3695 807 3757 Protinus
829 3700 938 3762 deinde
961 3702 1140 3766 abOceano
