2526 4222
203 235 246 298 60
528 252 558 294 o.
581 250 679 294 coar.
702 251 814 294 raeiri

246 397 386 464 XXVII.
411 397 511 483 Cujus
523 397 715 464 conscientia
724 420 762 462 ac
776 397 859 462 fama
872 397 960 462 feror
981 421 1071 464 exerc
1084 411 1141 481 tus,

203 500 278 568 nihil
298 501 402 566 virtuti
430 521 505 564 suae
526 501 664 564 invium:
691 499 910 581 penetrandam
933 500 1143 578 Caledoniam,

203 599 481 684 inveniendumque
509 599 634 664 tandem
661 598 836 663 Britanniae
871 602 1039 666 terminum
1073 623 1144 666 con·

203 703 288 766 tinuo
312 702 498 784 proeliorum
519 723 623 778 cursu,
645 701 836 764 fremebant:
860 713 953 784 atque
981 702 1026 766 illi
1053 701 1143 766 modo

203 804 284 868 cauti
299 825 336 866 ac
351 803 515 885 sapientes,
530 802 662 887 prompti
683 813 754 887 post
775 814 921 866 eventum
940 823 978 865 ac
996 801 1143 886 magnilo-

202 906 256 990 qui
278 917 374 970 erant.
419 905 618 988 Iniquissima
639 903 717 968 baec
743 902 903 967 bellorum
918 903 1053 970 conditio
1077 916 1141 968 est:

201 1028 347 1092 prospera
372 1027 480 1070 omnes
506 1007 565 1071 sibi
585 1005 750 1083 vindicant,
769 1005 897 1088 adversa
918 1007 974 1070 uni
994 1007 1143 1102 imputan-

202 1121 261 1174 tur.
305 1111 349 1174 At
374 1107 511 1174 Britanni
533 1129 594 1172 non
614 1109 737 1184 virtute,
760 1106 817 1171 sed
838 1077 1001 1172 occasione
1027 1120 1058 1172 et
1081 1119 1141 1171 arte

96 1237 104 1244 ·
203 1209 292 1276 ducis
317 1213 384 1289 rati,
408 1209 485 1276 nihil
510 1229 550 1274 ex
573 1209 744 1293 arrogantia
767 1209 932 1285 remittere,
955 1229 1019 1292 quo
1042 1209 1141 1272 minus

207 1312 401 1398 juventutem
421 1323 581 1388 armarent,
597 1309 745 1396 conjuges
767 1331 804 1373 ao
825 1309 938 1374 liberos
953 1310 985 1373 in
999 1310 1068 1374 loca
1080 1322 1141 1374 tuta

203 1414 408 1491 transferrent,
445 1412 585 1477 coetibus
621 1433 659 1476 ac
695 1411 854 1476 sacrificiis
890 1412 1141 1492 conspirationem

202 1518 362 1580 civitatum
376 1516 543 1578 sancirent:
565 1525 657 1598 atque
671 1514 715 1578 ita
729 1513 850 1578 irritatis
866 1515 1021 1598 utrimque
1036 1513 1140 1578 animis

202 1617 388 1680 discessum.

244 1714 402 1780 XXVIII.
431 1713 554 1780 Eadem
588 1729 704 1784 aestate
733 1717 842 1780 cohors
871 1716 1063 1802 Usipiorum,
1090 1737 1140 1799 per

205 1819 388 1886 Germanias
428 1821 609 1907 conscripta,
659 1824 691 1884 in
729 1819 919 1885 Britanniam
956 1822 1130 1885 transmissa

203 1945 351 2009 magnum
379 1945 416 1986 ac
444 1922 643 1986 memorabile
671 1920 792 1985 facinus
823 1943 900 1986 ausa
928 1936 986 1986 est.
1032 1922 1139 1986 Occiso

203 2027 380 2090 centurione
399 2047 436 2088 ac
457 2025 617 2100 militibus,
632 2013 686 2106 qui
701 2023 739 2086 ad
753 2023 932 2087 tradendam
952 2024 1138 2116 disciplinam

203 2128 334 2192 immixti
348 2126 513 2222 manipqlis
540 2125 721 2240 exemplum
738 2137 769 2188 et
789 2138 932 2234 rectoreq
945 2124 1138 2202 habebantur,

203 2241 264 2292 tres
279 2229 456 2304 liburnicas,
472 2209 590 2292 adactis
612 2248 668 2310 per
681 2228 745 2292 vim
758 2227 1024 2312 gubernatoribus,
1039 2213 1139 2292 asien-

203 2329 300 2394 dere:
338 2341 370 2392 et
398 2350 460 2392 uno
495 2330 675 2413 remigante,
706 2329 859 2410 suspectis
888 2327 1011 2392 duobus
1047 2339 1138 2423 eoque

203 2427 379 2505 interfectis,
409 2429 547 2494 nondum
582 2431 707 2514 vulgato
741 2451 863 2494 rumore
892 2443 927 2494 ut
961 2406 1138 2496 miraculum

202 2528 483 2612 praevabebantur:
510 2554 583 2596 mox
611 2515 676 2595 hao'
697 2544 789 2616 atque
817 2531 869 2595 illa
896 2534 983 2614 rapti,
1015 2546 1046 2598 et
1072 2553 1138 2596 cum

202 2633 354 2718 plerisque
370 2632 595 2713 Britannorum,
610 2656 667 2720 sua
681 2633 917 2710 defensantium,
931 2635 1049 2716 proelio
1074 2657 1138 2699 con·

203 2739 312 2820 gressi,
336 2759 373 2801 ac
395 2759 487 2820 saepe
508 2740 650 2815 victores,
673 2737 836 2822 aliquando
856 2737 948 2819 pulsi,
972 2759 1010 2800 eo
1034 2739 1073 2802 ad
1092 2759 1138 2802 er·

203 2850 337 2902 tremum
358 2840 478 2920 inopiae
493 2861 615 2915 venere,
631 2851 666 2903 ut
680 2839 905 2904 infirmissimos
921 2861 1058 2942 suorum,
1073 2861 1138 2904 mox

204 2952 283 3001 sorte
334 2939 452 3020 ductos,
509 2947 718 3028 vescerentur.
790 2922 838 3006 A'r
824 2947 899 3026 tque
946 2931 1137 3004 circumvecti

204 3037 271 3101 Brit
259 3041 403 3114 tanniam,
433 3040 556 3102 amissis
584 3063 640 3122 per
666 3043 820 3106 inscitiam
848 3043 975 3126 regendi
1004 3044 1136 3118 navibus,

204 3163 257 3221 pro
293 3140 497 3221 praedonibus
529 3141 633 3220 babiti,
663 3144 798 3224 primum
826 3167 845 3208 a
875 3145 997 3221 Suavis,
1028 3167 1136 3208 mora

206 3241 370 3306 Frisiist
327 3256 370 3306 int
372 3244 485 3324 ercepti
508 3258 598 3308 sunt:
622 3267 658 3308 ac
673 3245 769 3320 fuere,
786 3269 870 3338 quos
885 3269 940 3327 per
961 3247 1135 3310 commercia

204 3345 465 3408 venumdatost
434 3358 465 3408 et
493 3349 525 3411 in
553 3360 687 3412 nostram
716 3369 815 3430 usque
844 3351 943 3433 ripam
978 3350 1134 3414 mutatione

204 3425 372 3508 ementium
391 3429 552 3524 adductos,
569 3449 743 3512 indiciumt
731 3451 806 3512 tanti
822 3472 913 3514 casus
929 3450 1098 3514 illustravit.

244 3539 361 3604 XXIX.
384 3544 475 3608 Initio
497 3550 621 3611 aestatis
643 3548 797 3628 Agricola,
823 3551 994 3615 domestico
1018 3551 1131 3614 vulnere
1236 3560 1237 3567 ’

164 3679 168 3688 =
207 3639 293 3706 lctus,
310 3662 389 3703 anno
410 3655 480 3705 ante
502 3659 608 3708 natum
629 3647 727 3708 tilium
749 3650 861 3712 amisit.
909 3651 1014 3723 erem
1036 3673 1130 3716 casum
