2526 4222
498 338 666 386 renrcom.
1011 328 1051 386 69

105 491 242 576 addique
261 491 388 571 insuper
409 488 592 570 opinionem,
616 488 738 568 Syriam
759 489 946 571 provinciam
962 491 1050 574 Agri·

105 593 195 656 colae
218 591 374 667 destinari,
396 610 528 653 vacuam
554 601 622 653 tum
649 601 746 654 morte
768 590 855 654 Atilii
875 589 951 654 Rufi
979 613 1050 655 con-

104 692 221 756 sularis
240 703 272 754 et
292 689 459 775 majoribus
479 699 676 753 reservatam.
723 689 890 754 Credidere
911 691 1049 776 plerique

105 791 255 856 libertum
290 811 329 854 ex
364 789 581 853 secretioribus
623 791 801 854 ministeriis
843 791 975 856 missum
1010 793 1050 856 ad

103 893 288 976 Agricolam
309 891 478 968 codicillos,
494 891 606 975 quibus
628 893 658 956 ei
680 891 772 977 Syria
788 891 925 970 dabatur,
940 893 1048 957 tulisse

104 1015 182 1058 cum
203 1005 377 1079 praecepto,
393 1003 438 1070 ut,
454 993 480 1056 si
502 994 535 1056 iu
556 991 714 1057 Britannia
733 991 821 1071 foret,
836 994 1046 1058 traderentur:

104 1115 244 1179 cumque
285 1094 429 1158 libertum
471 1095 503 1156 in
545 1095 612 1176 ipso
649 1094 727 1157 freto
764 1094 881 1158 Oceani
924 1095 1048 1159 obvium
1103 1145 1106 1154 .

2 1195 8 1199 ’
103 1196 283 1281 Agricolae,
311 1217 350 1258 ne
379 1193 531 1280 appellato
553 1195 680 1278 quidem
708 1215 754 1272 eo,
776 1195 816 1259 ad
837 1194 1048 1263 Domitianum

102 1318 285 1360 remeasse:
309 1298 374 1360 sive
395 1317 505 1360 rerum
525 1296 618 1373 istud,
634 1297 701 1359 sive
715 1317 754 1359 ex
767 1297 890 1380 ingenio
903 1297 1048 1379 principis

7 1443 13 1448 -
103 1399 215 1463 fictum
235 1419 272 1462 ac
294 1398 499 1479 compositum
521 1408 578 1460 est.
622 1397 804 1462 Tradiderat
824 1399 945 1462 interim
959 1398 1048 1483 Agri-

103 1500 189 1570 cola,
210 1500 384 1563 successori
412 1521 469 1562 suo
496 1500 686 1585 provinciam
714 1501 850 1584 quietam
877 1509 1047 1585 tutamque.

104 1604 163 1679 Ac,
179 1623 220 1664 ne
234 1601 376 1665 notabilis
398 1601 573 1664 celebritate
588 1613 620 1664 et
632 1600 804 1684 frequentia
823 1603 1048 1666 occurrentium

102 1703 259 1766 introitus·
283 1713 375 1776 esset,
411 1703 506 1765 vitato
541 1702 712 1765 amicorum
747 1702 859 1779 officio,
885 1715 979 1766 noctu
1016 1704 1047 1766 in

102 1804 225 1879 urbem,
248 1815 342 1867 noctu
363 1804 395 1866 in
424 1803 582 1884 palatium,
612 1805 655 1866 ita
682 1814 718 1866 ut
745 1816 944 1887 praeceptum
971 1817 1046 1880 eret,

102 1907 210 1969 venit:
249 1917 457 1988 exceptusque
485 1905 572 1968 brevi
601 1903 708 1966 osculo
736 1914 767 1966 et
794 1903 879 1967 nullo
907 1925 1046 1967 sermone

102 2005 212 2070 turbae
235 2007 434 2070 servientium
455 2005 614 2070 immixtus
637 2017 694 2068 est.
740 2003 898 2080 Ceterum,
913 2015 948 2067 ut
968 2005 1047 2067 mili-

102 2122 177 2172 tare
189 2129 314 2184 nomen,
337 2129 428 2191 grave
450 2108 529 2171 inter
550 2109 674 2184 otiosos,
698 2106 766 2170 aliis
787 2105 949 2170 virtutibus
970 2118 1046 2169 tem·

48 2285 55 2294 ⁵
101 2222 234 2293 peraret,
264 2210 514 2293 tranquillitatem
542 2221 634 2292 atque
671 2209 767 2272 otium
793 2209 916 2290 penitus
953 2208 1046 2284 auxit,

102 2314 190 2376 cultu
219 2311 370 2389 modicus,
393 2331 535 2374 sermone
556 2309 667 2386 facilia,
689 2331 752 2374 uno
779 2322 832 2374 aut
857 2309 951 2373 altero
972 2311 1047 2373 emi-

102 2436 212 2478 corum
241 2414 426 2491 comitatus3
456 2412 534 2476 adeo
560 2403 607 2476 ut
623 2412 762 2497 plerique
784 2412 897 2497 quibus
919 2433 1047 2497 magnos

102 2517 184 2580 siros
198 2537 257 2598 per
270 2515 469 2578 ambitionem
489 2515 651 2581 aestimare
672 2536 741 2578 mos
756 2526 813 2590 est,
828 2515 895 2578 viso
909 2527 1046 2596 aspecto·

103 2639 163 2702 que
200 2617 357 2702 Agricola,
386 2629 567 2700 quaererent
593 2616 718 2694 famam,
746 2610 839 2697 pauci
873 2615 1047 2696 interpreta-

102 2732 218 2783 rentur.

145 2817 231 2884 XLI.
256 2819 370 2883 Crebro
379 2841 435 2901 per
456 2841 510 2882 eos
525 2819 592 2883 dies
615 2818 696 2900 apud
710 2817 921 2881 Domitianum
937 2815 1047 2878 absens

105 2935 282 2998 accusatus,
296 2923 408 2984 absens
430 2922 590 2986 absolutus
613 2933 670 2984 est.
716 2919 821 2986 Causa
843 2917 973 3001 periculi
988 2938 1048 2980 non

104 3026 223 3088 crimen
243 3024 344 3087 ullum
371 3035 424 3087 aut
445 3023 571 3107 querela
597 3023 674 3086 laesi
703 3023 895 3107 cujusquam,
920 3019 975 3085 sed
1003 3021 1048 3084 in-

104 3127 212 3190 fensus
227 3125 392 3188 virtutibus
414 3126 559 3210 princeps
581 3137 612 3188 et
633 3125 729 3208 gloria
742 3125 799 3187 viri
821 3145 858 3187 ac
877 3125 1048 3204 pessimum

103 3227 303 3290 inimicorum
331 3246 441 3310 genus,
466 3225 635 3290 laudantes.
679 3224 723 3288 Et
744 3245 781 3287 ea
809 3226 949 3287 insecuta
977 3234 1048 3284 sunt

105 3327 294 3410 reipublicae
316 3339 463 3409 tempora,
487 3349 566 3411 quae
589 3327 671 3390 sileri
694 3325 872 3410 Agricolam
892 3343 954 3385 non
968 3322 1048 3383 sinc-

104 3442 192 3494 rent:
220 3441 268 3493 'tot
290 3431 443 3493 exercitus
465 3430 497 3492 in
518 3428 640 3492 Moesia
661 3427 821 3508 Daciaque
836 3435 867 3487 ct
882 3421 1048 3485 Germania

106 3531 338 3615 Pannoniaque,
368 3532 539 3594 temeritate
574 3543 628 3594 aut
662 3551 718 3611 per
752 3527 905 3612 ignaviam
932 3524 1047 3587 ducum

106 3634 231 3698 amissi:
270 3642 316 3696 tot
351 3631 498 3695 militares
526 3632 584 3694 viri
619 3651 691 3693 oum
720 3641 765 3692 tot
793 3626 967 3691 cohortibus
997 3645 1047 3686 ex·
1105 3655 1107 3662 π

107 3737 232 3821 pugnari
256 3747 288 3800 et
313 3734 414 3816 capti:
437 3754 495 3796 nec
514 3733 578 3819 jam
600 3732 638 3795 de
660 3732 756 3796 limite
780 3729 899 3812 imperii
921 3740 952 3792 et
972 3727 1046 3806 ripa,
