2552 4228
216 297 256 361 18
532 307 562 353 o.
585 305 692 352 coar:
706 307 841 351 suerrus

210 457 263 520 illo
292 468 323 519 et
351 455 492 519 fabuloso
518 476 617 519 errore
646 456 678 519 in
705 454 787 517 hunc
817 452 978 519 Oceanum
1003 451 1145 532 delatum,

211 557 311 622 adisse
343 555 528 620 Germaniae
555 569 661 633 terras,
693 555 984 638 Asciburgiumque,
1014 555 1098 638 qnod
1117 557 1150 618 in

210 659 276 740 ripa
290 657 394 722 Rheni
416 659 509 721 situm
531 657 684 740 hodieque
705 656 857 732 incolitur,
873 656 912 718 ab
927 656 980 719 illo
1002 658 1151 721 constitu-

211 772 277 823 tum
295 761 558 843 nominatumque.
603 760 699 822 Aram
720 759 795 842 quin
817 759 909 821 etiarn
935 756 1019 822 Ulixi
1042 780 1151 822 conse·

210 875 334 937 oratam,
358 860 478 945 adjecto
507 858 637 923 Laertae
663 861 756 942 patris
779 860 913 935 nomine,
944 858 1055 923 eodem
1082 859 1151 922 loco

210 961 284 1026 olim
307 974 467 1044 repertam,
494 973 753 1045 monumentaque
777 972 808 1023 et
835 959 971 1024 tumulos
999 960 1148 1044 quosdam

211 1061 341 1146 Graecis
376 1063 483 1126 litteris
526 1063 688 1144 inscriptos
727 1063 760 1125 in
795 1061 928 1124 confinio
964 1059 1149 1124 Germaniae

212 1163 423 1249 Rhaetiaeque
445 1163 547 1228 adhuc
568 1175 708 1228 exstare:
738 1183 818 1246 quae
838 1181 941 1246 neque
969 1162 1148 1226 confirmare

209 1267 407 1349 argumentis,
422 1286 526 1349 neque
542 1263 682 1328 refellere
704 1263 736 1326 in
757 1263 859 1325 animo
874 1274 943 1325 est:
967 1283 1006 1324 ex
1027 1262 1149 1346 ingenio

210 1388 267 1430 suo
282 1367 413 1450 quisque
428 1366 541 1442 demat,
556 1365 607 1427 vel
622 1363 713 1428 addat
726 1363 831 1428 fidem.

251 1465 309 1530 IV.
332 1467 404 1547 Ipse
419 1486 526 1529 eorurn
542 1465 734 1546 opinionibus
754 1464 879 1541 accedo,
895 1465 949 1548 qui
964 1462 1148 1528 Germaniae

209 1567 338 1652 populos
353 1566 446 1628 nullis
461 1565 528 1629 aliis
547 1565 676 1629 aliarum
697 1567 856 1629 nationum
870 1564 1032 1630 connubiis
1053 1565 1148 1630 iniec-

210 1681 255 1731 tos
270 1667 424 1750 propriam
438 1678 469 1730 et
483 1665 634 1730 sinceram
655 1679 686 1730 et
707 1679 827 1731 tantum
849 1668 898 1730 sui
920 1667 1055 1730 similem
1075 1687 1148 1752 gen·

208 1783 272 1832 tem
307 1769 461 1833 exstitisse
497 1769 702 1832 arbitrantur:
739 1767 822 1832 unde
866 1768 989 1832 habitus
1025 1790 1148 1854 quoque

208 1893 380 1954 corporum,
396 1893 569 1959 quanquam
586 1871 618 1936 in
640 1882 724 1936 tanto
738 1869 898 1934 hominum
912 1891 1051 1948 numero,
1066 1871 1149 1934 idem

208 1974 377 2052 omnibus;
407 1987 510 2038 truces
540 1987 571 2037 et
607 1973 741 2038 caerulei
770 1972 862 2050 oculi,
891 1972 1001 2036 rutilae
1030 1993 1147 2050 comae,

208 2098 319 2160 magna
333 2097 461 2156 corpora
475 2087 506 2137 et
525 2087 643 2138 tantum
666 2074 704 2138 ad
726 2076 877 2156 impetum
890 2073 991 2138 valida
1004 2095 1013 2150 3
1036 2073 1148 2138 laboris

207 2189 299 2261 atque
315 2196 442 2258 operum
457 2196 517 2237 non
533 2175 641 2238 eadem
663 2175 830 2257 patientia:
852 2175 1043 2258 minimeque
1066 2176 1148 2240 sitim
1263 2251 1264 2260 ἵ

207 2291 389 2361 aestumque
404 2276 543 2354 tolerare,
558 2276 672 2361 frigora
686 2289 778 2361 atque
793 2275 927 2341 inediam
942 2276 1029 2340 coelo
1044 2277 1148 2341 solove

207 2390 418 2441 assueverunt.
1196 2367 1199 2374 ’
1263 2365 1264 2386 ’

63 2497 134 2554 „tw
150 2488 173 2562 ᾗ
249 2475 289 2540 V.
313 2476 421 2553 Terra,
436 2477 493 2541 etsi
508 2477 662 2563 aliquanto
678 2479 782 2564 specie
797 2477 907 2556 differt,
923 2478 955 2540 in
968 2478 1149 2542 universum

26 2601 30 2609 ’
67 2591 122 2649 ,t-
207 2592 310 2642 tamen
325 2591 378 2642 aut
399 2580 485 2643 silvis
508 2578 628 2645 horrida
651 2592 704 2644 aut
725 2579 890 2662 paludibus
912 2578 1025 2644 foeda:
1047 2577 1148 2644 humi·

41 2705 45 2712 ·
70 2674 102 2728 ‘¹2¹
112 2681 283 2759 t‘mdior,
299 2703 360 2766 qua
376 2681 515 2760 Gallias;
538 2685 701 2760 ventosior,
718 2703 779 2767 qua
793 2680 943 2746 Noricum
965 2701 1003 2743 ac
1024 2679 1149 2744 Panno·

206 2784 290 2848 niam
325 2785 459 2868 aspicit:
497 2786 571 2849 satis
607 2786 716 2860 serax;
753 2783 969 2868 frugiferarum
1005 2782 1148 2846 arborum

207 2886 392 2968 impatiens:
417 2906 567 2969 pecorum
588 2885 730 2961 fecunda,
754 2884 810 2946 sed
830 2886 1013 2968 plerumque
1035 2885 1147 2966 impro-

207 3005 298 3059 cere;
330 3005 369 3045 ne
398 2985 544 3060 armentis
570 2986 696 3066 quidem
731 3004 807 3045 suus
838 2984 942 3062 honor,
970 2997 1024 3048 aut
1051 2986 1147 3068 gloria

207 3085 313 3148 frontis
328 3103 335 3144 :
359 3101 487 3145 numero
501 3082 655 3164 gaudent;
680 3103 797 3165 eaeque
813 3083 895 3147 solae
909 3099 940 3149 et
953 3087 1146 3170 gratissimae

207 3207 282 3268 opes
309 3196 389 3248 sunt.
433 3184 606 3267 Argentum
629 3197 661 3246 et
682 3204 791 3246 aurum
809 3187 933 3270 propitii
953 3209 994 3250 an
1014 3189 1082 3251 irati
1103 3187 1146 3251 dii

207 3288 392 3372 negaverint,
408 3286 524 3350 dubito.
569 3281 639 3348 Nec
662 3295 765 3346 tamen
788 3285 1011 3364 affirmaverim,
1027 3289 1144 3352 nullam

208 3389 392 3452 Germaniae
415 3410 526 3452 venam
549 3398 709 3470 argentum
734 3405 880 3450 aurumve
903 3389 1052 3472 gignere:
1075 3392 1144 3473 quis

206 3490 289 3552 enim
304 3502 456 3553 scrutatus
472 3489 541 3552 estl
563 3487 759 3571 possessione
780 3500 811 3549 et
832 3510 893 3551 usu
915 3488 998 3552 haud
1019 3488 1145 3572 perinde

205 3589 388 3654 afficiuntur.
432 3588 493 3653 Est
526 3590 631 3654 videre
666 3585 748 3669 apud
783 3588 851 3652 illos
880 3601 1025 3672 argentea
1058 3611 1144 3666 vasa,

205 3691 314 3776 legatis
329 3703 360 3756 ct
374 3690 562 3777 principibus
585 3713 692 3756 eorum
717 3693 837 3755 muneri
859 3691 939 3768 data,
955 3712 1016 3754 non
1032 3692 1064 3755 in
1085 3692 1146 3757 alia
