2552 4228
465 301 711 378 odorannum.
1019 309 1056 370 31

115 501 211 564 quam
236 481 395 563 perhanc
420 481 548 565 gloriam
574 484 732 567 sanguinis
759 506 777 546 a
804 482 1002 547 similitudine
1028 500 1057 548 et

114 584 225 646 inertia
255 582 416 647 Gallorum
445 597 632 664 separentur.
687 585 793 667 Ipsam
822 585 924 648 Rheni
960 586 1058 666 ripam

114 683 199 748 haud
225 684 318 748 dubie
349 683 575 748 Germanorum
602 686 707 766 populi
729 687 842 763 colunt,
868 685 1056 771 Vangiones,
1141 705 1145 714 ·

115 785 254 862 Triboci,
292 784 453 850 Nemetes.
512 785 563 849 Ne
600 787 673 851 Ubii
710 788 844 872 quidem,
882 811 1057 873 quanquam

115 886 260 950 Romana
284 887 404 950 colonia
430 909 500 950 esse
529 890 696 952 meruerint
721 911 758 953 ac
779 890 924 953 libentius
947 891 1058 974 Agrip-

114 990 261 1070 pinenses
298 987 461 1052 conditoris
503 985 553 1052 sui
591 992 714 1054 nomine
749 1004 905 1067 vocentur,
942 993 1058 1074 origine

115 1090 312 1166 erubescunt,
329 1089 331 1094 ’
349 1092 531 1173 transgressi
567 1088 642 1154 olim
677 1105 709 1155 et
744 1093 951 1172 experimento
986 1093 1058 1154 fidei

116 1212 211 1271 super
232 1192 332 1271 ipsam
353 1191 456 1254 Rheni
478 1193 577 1273 ripam
599 1192 749 1268 collocati,
772 1204 807 1255 ut
829 1205 975 1263 arcerent,
998 1214 1058 1254 non

114 1306 150 1355 ut
172 1292 406 1356 custodirentur.

158 1392 284 1486 afflig.
308 1393 457 1457 Omnium
477 1393 588 1457 harum
610 1395 748 1478 gentium
769 1395 880 1457 virture
902 1394 1058 1477 praecipui

116 1494 312 1570 Batavi‚'non
325 1496 459 1559 multum
473 1517 512 1558 ex
526 1499 600 1578 ripa,
618 1496 673 1559 sed
693 1496 827 1559 insulam
841 1495 945 1560 Rheni
960 1487 1058 1559 amnis

115 1597 230 1672 colunt,
262 1593 446 1660 Chattorum
474 1597 630 1680 quondam
666 1597 801 1682 populus
839 1609 870 1661 et
909 1597 1058 1661 seditione

115 1697 285 1760 domestica
306 1697 338 1759 in
359 1718 412 1759 eas
436 1696 526 1759 sedes
553 1709 773 1780 transgressus,
796 1699 961 1782 inquibus
986 1721 1058 1784 pars

116 1797 251 1863 Romani
279 1798 398 1879 imperii
426 1798 543 1862 fierent.
588 1798 695 1861 Manet
731 1799 828 1862 honos
857 1813 888 1862 et
916 1802 1058 1883 antiquae

116 1901 271 1963 societatis
300 1901 441 1983 insigne:
475 1922 547 1963 nam
576 1921 635 1963 nec
663 1901 784 1962 tributis
813 1893 1057 1977 contemnuntur,

115 2023 173 2064 nec
188 2001 371 2082 publicanus
393 2002 515 2065 atterit:
540 2002 673 2082 exempti
689 2001 831 2065 oneribus
847 2013 878 2064 et
892 2001 1059 2065 collationi-

114 2104 174 2166 bus
204 2114 236 2167 et
262 2115 382 2167 tantum
410 2105 441 2166 in
469 2126 562 2167 usum
594 2104 780 2188 proeliorum
809 2104 945 2189 sepositi,
975 2103 1059 2167 velut

115 2205 176 2268 tela
197 2217 290 2288 atque
318 2227 411 2282 arma,
434 2205 523 2268 bellis
552 2218 755 2269 reservantur.
801 2205 861 2269 Est
888 2207 920 2268 in
949 2205 1058 2269 eodem

116 2307 267 2391 obsequio
290 2319 320 2370 et
335 2305 551 2371 Mattiacorum
573 2329 668 2391 gens;
691 2309 816 2388 protulit
837 2310 920 2371 enim
940 2311 1058 2392 magni·

115 2409 189 2472 tudo
211 2408 317 2490 populi
340 2407 473 2472 Romani
494 2408 574 2472 ultra
596 2408 753 2486 Rhenum,
776 2410 916 2495 ultraque
937 2422 1058 2473 veteres

116 2511 273 2583 terminos,
287 2510 408 2594 imperii
428 2511 639 2572 reverentiam.
684 2509 732 2572 lta
747 2510 819 2573 sede
834 2511 1011 2594 finibusque
1026 2512 1058 2590 in

116 2633 173 2676 sua
201 2612 278 2696 ripa,
307 2622 410 2674 mente
439 2605 601 2695 animoque
633 2611 795 2673 nobiscum
823 2625 926 2694 agunt,
956 2623 1058 2674 cetera

116 2713 234 2775 similes
249 2711 384 2787 Batavis,
401 2712 460 2775 nisi
476 2712 559 2795 quod
580 2713 648 2797 ipso
670 2711 771 2774 adhuc
785 2723 882 2774 terrae
899 2733 973 2774 suae
992 2713 1058 2776 solo

117 2827 147 2876 et
168 2813 257 2876 coelo
283 2813 384 2876 acrius
408 2814 589 2876 animantur.
633 2811 706 2875 Non
731 2814 956 2876 numeraverim
981 2815 1080 2877 inter

118 2913 304 2978 Germaniae
325 2913 466 2995 populos,
489 2936 664 2998 quanquam
687 2926 768 2976 trans
784 2913 930 2977 Rhenum
951 2913 1058 2978 Danu·

117 3015 265 3097 binmque
308 3014 509 3090 consederint,
538 3035 602 3091 eos,
644 3017 697 3098 qui
734 3013 924 3078 Decumates
968 3037 1058 3100 agros

117 3127 271 3178 exercent.
326 3112 520 3178 Levissimus
549 3117 681 3199 quisque
711 3114 873 3179 Gallorum
902 3130 933 3180 et
958 3118 1059 3198 inopia

118 3218 226 3294 audax,
250 3217 362 3280 dubiae
387 3219 592 3302 possessionis
616 3219 716 3281 solum
739 3240 939 3298 occupavere.
984 3219 1059 3280 Mox

118 3319 213 3389 limite
242 3329 311 3381 acto
339 3319 548 3402 promotisque
573 3319 744 3399 praesidiiS,
768 3320 854 3380 sinus
883 3318 1003 3400 imperii
1030 3330 1058 3380 et

119 3441 187 3502 pars
201 3420 377 3500 provinciae
393 3417 551 3483 habentur.
784 3427 786 3434 '
852 3427 859 3435 ’

159 3517 268 3604 XXXr
291 3517 380 3584 Ultra
400 3519 457 3583 hos
472 3517 601 3583 dhan·
556 3527 580 3582 tr
593 3521 648 3582 mit
649 3520 714 3581 ium
737 3519 819 3582 sedis
841 3519 879 3582 ab
902 3517 1060 3598 Hercynio

121 3621 199 3684 saltu
219 3619 372 3693 inchoant,
388 3611 513 3684 nonita
535 3621 642 3684 effusis
665 3642 701 3682 ac
712 3621 910 3702 palustribus
932 3620 1008 3684 loeis
1029 3635 1059 3685 ut

121 3739 239 3786 ceterae
262 3723 413 3798 civitates,
429 3711 459 3784 in
483 3743 559 3806 quas
584 3719 823 3786 Germaniet
770 3735 823 3804 pat
824 3724 923 3785 escit·
888 3719 1060 3805 t,duraut
