2526 4222
507 271 668 332 aenrcoaa
903 324 909 338 ,
1025 273 1062 332 bl

100 453 232 516 -eerent,
251 436 365 528 hortari
386 437 539 518 privatim,
563 435 706 521 adjuvare
728 436 861 536 publrce,
884 449 920 500 ut
941 437 1061 520 templa,

108 543 190 642 fora,
214 518 327 624 domus
357 549 559 615 exstruerent,
581 521 733 602 laudando
760 551 917 626 promptos
945 551 978 602 et
998 561 1064 604 cas·

109 620 243 727 tigando
258 654 390 734 segnes:
415 641 458 703 ita
479 639 602 703 honoris
624 639 790 704 aemulatio
810 662 869 735 pro
880 643 1064 706 necessitate

111 759 190 808 erat.
236 743 310 807 Jam
334 763 409 828 vero
435 716 611 855 principum
635 741 716 830 filiqs
744 713 922 806 liberalibus
948 717 1065 807 artibus

110 841 251 930 erudire,
285 857 316 908 et
327 844 474 932 ingenia
509 805 726 907 Britannorum
762 827 872 908 studiis
904 843 1064 910 Gallorum

110 931 280 1040 anteferre,
296 957 341 1042 ut,
356 966 419 1041 qur
402 943 517 1016 modo
538 943 676 1028 linguam
691 920 866 1009 Romanam
879 946 1064 1030 abnuebant,

110 1015 331 1132 eloquentiani
349 1047 612 1140 concupiscerent.
658 1045 734 1110 Inde
750 1049 844 1111 etiam
857 1046 980 1124 habitus
994 1070 1065 1111 nos-

111 1152 150 1214 tri
168 1150 267 1242 honop
281 1162 313 1212 et
326 1147 471 1244 frequens
494 1160 584 1232 toga:
608 1127 818 1247 paulatimque
838 1148 1013 1213 discessum
1027 1151 1064 1214 ad

110 1251 325 1346 delenimenta
357 1251 513 1352 vitiorum,
540 1251 677 1345 porticus
706 1252 741 1312 et'
763 1249 875 1313 balnea
902 1263 935 1314 et
962 1253 1064 1315 conri-

110 1355 236 1418 viorum
260 1352 465 1436 elegantiam:
465 1337 583 1442 idque
608 1351 691 1448 apud
713 1353 870 1452 imperitos
891 1351 1065 1430 humanitus

111 1455 295 1531 vocabatur,
313 1476 387 1518 eum
402 1475 472 1536 pars
489 1454 644 1532 servitutis
660 1465 753 1518 esset.

157 1556 270 1621 XXII
294 1556 422 1620 Tertius
448 1556 678 1644 expeditionum
706 1577 804 1649 annus
832 1579 927 1622 novas
956 1571 1065 1642 gentes

114 1661 246 1744 aperuit,
275 1660 402 1742 vastatis
430 1681 531 1744 usque
556 1657 594 1721 ad
623 1658 729 1732 Taum
757 1661 924 1752 (aestuario
951 1682 1064 1758 nornen

115 1762 179 1842 est)
204 1761 399 1842 nationibus:
430 1783 491 1852 qua
503 1759 680 1874 formidine
709 1763 804 1848 territi
828 1743 938 1830 bostes
967 1785 1064 1846 quan·

115 1883 212 1949 quam
241 1863 451 1960 conflictatum
487 1885 588 1956 saevis
624 1841 861 1946 tempestatibus
895 1865 1065 1928 exercitum

116 1967 273 2030 lacessere
302 1987 364 2029 non
391 1966 483 2041 ausi;
535 1941 786 2060 poirendisque
777 1983 903 2062 insuper
930 1964 1065 2028 castellis

117 2069 254 2153 spatium
281 2065 351 2130 fuit
394 2065 590 2152 Annotabant
620 2066 711 2152 periti
739 2087 802 2128 non
829 2065 925 2129 alium
952 2064 1065 2129 ducem

118 2169 359 2265 opportunitates
381 2157 536 2234 locorum
542 2167 711 2274 sapientius
733 2166 868 2260 legisse:
892 2165 1012 2230 nullum
1026 2167 1065 2230 ab

118 2270 264 2354 Agricola
285 2271 423 2368 positum
444 2269 607 2348 castellum
628 2282 681 2334 aut
703 2267 734 2334 vi
756 2269 891 2366 hostiurn
910 2290 1065 2355 expugna-

118 2384 261 2436 tument
260 2372 427 2462 pactione
449 2374 486 2436 a'c
507 2370 583 2490 suga
604 2371 772 2464 desertum.
817 2371 953 2436 Crebrae
976 2394 1065 2488 erug-

119 2475 236 2538 tiones:
259 2465 332 2538 riam
352 2464 535 2537 adversus
522 2468 624 2578 nioras
646 2473 813 2554 obsidionis
835 2476 944 2538 annuis
966 2475 1065 2560 copiis

119 2561 336 2662 firmabaptur:
361 2576 403 2639 ita
404 2541 595 2689 ιιιιιιιιιιιιι
601 2576 644 2654 ibi
669 2575 779 2652 hiems,
796 2588 827 2638 et
852 2577 910 2652 sibi
931 2579 1065 2690 ιιιιιειιιιο

118 2677 282 2758 praesidio,
308 2678 400 2766 irritis
404 2665 566 2772 hostibus
596 2697 695 2761 eoque
711 2657 965 2768 desperantibus,
993 2655 1065 2760 quia

120 2779 201 2844 soliti
177 2779 412 2882 ιιΙθιιιιιιοιιιι
440 2779 552 2870 damna
585 2780 710 2843 aestatis
739 2761 875 2864 hibernis
904 2778 1065 2843 eventibus

119 2902 259 2982 pensare,
282 2893 349 2944 tum
371 2893 487 2968 aestate
509 2893 602 2964 atque
625 2879 763 2946 hieme
751 2890 838 2968 purte
863 2877 1065 2962 pellebantur.

121 2979 190 3070 Nec
207 2961 366 3082 Agricola
393 3002 530 3064 unquam
551 3002 648 3074 per
635 2981 711 3044 alios
733 2992 822 3082 gesta
843 2979 951 3080 avidus
975 2980 1065 3058 inter·

120 3061 224 3164 cepit:
248 3104 318 3158 seu,
328 3084 466 3146 centurio
488 3104 545 3146 seu
567 3053 776 3167 praelectus,
768 3045 978 3195 rbconuptum
992 3082 1065 3146 fecti

121 3197 231 3260 testem
251 3183 395 3264 habebat.
419 3153 532 3292 Apud
547 3184 698 3268 quosdam
720 3167 880 3279 acerbior
872 3173 904 3246 tri
918 3184 1065 3272 οοιιιιοιίι

121 3285 326 3350 narrabatur·
307 3294 396 3378 ‚tu
357 3293 453 3380 terat
441 3261 562 3388 οοὶιιιι
577 3281 674 3372 boni's',
691 3285 839 3348 adversus
865 3283 996 3346 malos'
988 3282 1065 3382 inju-

122 3389 262 3472 condus:
287 3400 426 3472 ceterum
440 3409 479 3450 ex
493 3387 651 3450 iracundia
665 3385 741 3448 nihil
763 3393 940 3478 supererat3
965 3403 1067 3446 sacre

123 3505 186 3554 tum
202 3503 233 3552 et
248 3489 454 3566 silentium
428 3511 494 3573 eJus
516 3511 577 3570 ιιοιι
598 3490 743 3574 timeres:
767 3471 925 3549 honestius
940 3485 1064 3572 putabpt

126 3591 289 3666 offendere,
306 3611 399 3674 quarn
414 3591 526 3654 odisse.
710 3597 713 3604 ’

162 3668 293 3761 llell
317 3675 436 3764 Quarta
458 3706 559 3840 {estas
575 3691 756 3766 obtinendis,
772 3714 851 3775 quae
866 3707 1065 3772 percurrerat,
