<?xml version="1.0" encoding="UTF-8"?>
<!DOCTYPE html PUBLIC "-//W3C//DTD XHTML 1.0 Transitional//EN"
    "http://www.w3.org/TR/xhtml1/DTD/xhtml1-transitional.dtd">
<html xmlns="http://www.w3.org/1999/xhtml" xml:lang="en" lang="en">
 <head>
  <title>
</title>
<meta http-equiv="Content-Type" content="text/html;charset=utf-8" />
  <meta name='ocr-system' content='tesseract 3.04.00' />
  <meta name='ocr-capabilities' content='ocr_page ocr_carea ocr_par ocr_line ocrx_word'/>
</head>
<body>
  <div class='ocr_page' id='page_1' title='image "./germaniaandagri00tylegoog_0071.png"; bbox 0 0 2552 4228; ppageno 0'>
   <div class='ocr_carea' id='block_1_1' title="bbox 205 255 814 312">
    <p class='ocr_par' dir='ltr' id='par_1_1' title="bbox 205 255 814 312">
     <span class='ocr_line' id='line_1_1' title="bbox 205 255 814 312; baseline -0.008 0"><span class='ocrx_word' id='word_1_1' title='bbox 205 255 247 312; x_wconf 78' lang='lat'>46</span> <span class='ocrx_word' id='word_1_2' title='bbox 528 267 558 308; x_wconf 91' lang='lat' dir='ltr'>c.</span> <span class='ocrx_word' id='word_1_3' title='bbox 583 265 679 308; x_wconf 82' lang='lat' dir='ltr'>conr.</span> <span class='ocrx_word' id='word_1_4' title='bbox 702 263 814 310; x_wconf 77' lang='lat' dir='ltr'>rscrrr</span> 
     </span>
    </p>
   </div>
   <div class='ocr_carea' id='block_1_2' title="bbox 152 412 1217 3740">
    <p class='ocr_par' dir='ltr' id='par_1_2' title="bbox 203 412 1159 2124">
     <span class='ocr_line' id='line_1_2' title="bbox 205 412 1159 505; baseline 0.001 -27"><span class='ocrx_word' id='word_1_5' title='bbox 205 416 333 492; x_wconf 90' lang='lat' dir='ltr'>electus,</span> <span class='ocrx_word' id='word_1_6' title='bbox 349 434 443 497; x_wconf 89' lang='lat' dir='ltr'>quem</span> <span class='ocrx_word' id='word_1_7' title='bbox 465 413 664 505; x_wconf 79' lang='lat' dir='ltr'>contubernio</span> <span class='ocrx_word' id='word_1_8' title='bbox 685 412 870 476; x_wconf 90' lang='lat' dir='ltr'>aestimaret.</span> <span class='ocrx_word' id='word_1_9' title='bbox 914 412 986 476; x_wconf 90' lang='lat' dir='ltr'>Nec</span> <span class='ocrx_word' id='word_1_10' title='bbox 1004 414 1159 498; x_wconf 74' lang='lat' dir='ltr'>Agricola</span> 
     </span>
     <span class='ocr_line' id='line_1_3' title="bbox 204 514 1158 599; baseline -0.002 -18"><span class='ocrx_word' id='word_1_11' title='bbox 204 517 330 581; x_wconf 82' lang='lat' dir='ltr'>licenter</span> <span class='ocrx_word' id='word_1_12' title='bbox 350 536 435 578; x_wconf 90' lang='lat' dir='ltr'>more</span> <span class='ocrx_word' id='word_1_13' title='bbox 457 515 617 599; x_wconf 85' lang='lat' dir='ltr'>juvenum,</span> <span class='ocrx_word' id='word_1_14' title='bbox 633 515 686 596; x_wconf 94' lang='lat' dir='ltr'>qui</span> <span class='ocrx_word' id='word_1_15' title='bbox 706 514 848 577; x_wconf 89' lang='lat' dir='ltr'>militiam</span> <span class='ocrx_word' id='word_1_16' title='bbox 862 516 894 577; x_wconf 92' lang='lat' dir='ltr'>in</span> <span class='ocrx_word' id='word_1_17' title='bbox 907 514 1069 579; x_wconf 84' lang='lat' dir='ltr'>lasciviam</span> <span class='ocrx_word' id='word_1_18' title='bbox 1085 539 1158 580; x_wconf 88' lang='lat' dir='ltr'>ver-</span> 
     </span>
     <span class='ocr_line' id='line_1_4' title="bbox 204 614 1157 700; baseline 0.001 -20"><span class='ocrx_word' id='word_1_19' title='bbox 204 629 280 691; x_wconf 89' lang='lat' dir='ltr'>tunt,</span> <span class='ocrx_word' id='word_1_20' title='bbox 310 637 411 700; x_wconf 89' lang='lat' dir='ltr'>neque</span> <span class='ocrx_word' id='word_1_21' title='bbox 448 616 582 700; x_wconf 85' lang='lat' dir='ltr'>segniter</span> <span class='ocrx_word' id='word_1_22' title='bbox 617 614 656 678; x_wconf 92' lang='lat' dir='ltr'>ad</span> <span class='ocrx_word' id='word_1_23' title='bbox 683 615 854 696; x_wconf 88' lang='lat' dir='ltr'>voluptates</span> <span class='ocrx_word' id='word_1_24' title='bbox 891 628 922 678; x_wconf 90' lang='lat' dir='ltr'>et</span> <span class='ocrx_word' id='word_1_25' title='bbox 956 630 1157 681; x_wconf 87' lang='lat' dir='ltr'>commeatus</span> 
     </span>
     <span class='ocr_line' id='line_1_5' title="bbox 205 717 1156 798; baseline 0 -16"><span class='ocrx_word' id='word_1_26' title='bbox 205 718 327 782; x_wconf 86' lang='lat' dir='ltr'>titulum</span> <span class='ocrx_word' id='word_1_27' title='bbox 354 719 526 782; x_wconf 68' lang='lat' dir='ltr'><strong>tribunatus</strong></span> <span class='ocrx_word' id='word_1_28' title='bbox 555 730 586 780; x_wconf 88' lang='lat' dir='ltr'>et</span> <span class='ocrx_word' id='word_1_29' title='bbox 613 718 767 780; x_wconf 88' lang='lat' dir='ltr'>inscitiam</span> <span class='ocrx_word' id='word_1_30' title='bbox 794 717 916 798; x_wconf 74' lang='lat' dir='ltr'>retulit:</span> <span class='ocrx_word' id='word_1_31' title='bbox 941 717 998 780; x_wconf 88' lang='lat' dir='ltr'>sod</span> <span class='ocrx_word' id='word_1_32' title='bbox 1019 739 1156 782; x_wconf 87' lang='lat' dir='ltr'>noscere</span> 
     </span>
     <span class='ocr_line' id='line_1_6' title="bbox 204 803 1155 903; baseline 0.002 -21"><span class='ocrx_word' id='word_1_33' title='bbox 204 820 400 902; x_wconf 88' lang='lat' dir='ltr'>provinciam,</span> <span class='ocrx_word' id='word_1_34' title='bbox 429 819 516 882; x_wconf 86' lang='lat' dir='ltr'>nosci</span> <span class='ocrx_word' id='word_1_35' title='bbox 546 819 703 892; x_wconf 87' lang='lat' dir='ltr'>exercitui,</span> <span class='ocrx_word' id='word_1_36' title='bbox 734 817 853 881; x_wconf 85' lang='lat' dir='ltr'><strong>discere</strong></span> <span class='ocrx_word' id='word_1_37' title='bbox 872 803 895 881; x_wconf 56' lang='lat' dir='ltr'>xa</span> <span class='ocrx_word' id='word_1_38' title='bbox 918 820 1035 900; x_wconf 78' lang='lat' dir='ltr'>peritis,</span> <span class='ocrx_word' id='word_1_39' title='bbox 1060 823 1155 903; x_wconf 87' lang='lat' dir='ltr'>sequi</span> 
     </span>
     <span class='ocr_line' id='line_1_7' title="bbox 204 917 1154 1012; baseline 0.002 -30"><span class='ocrx_word' id='word_1_40' title='bbox 204 920 346 1004; x_wconf 86' lang='lat' dir='ltr'>optimos,</span> <span class='ocrx_word' id='word_1_41' title='bbox 362 919 437 982; x_wconf 91' lang='lat' dir='ltr'>nihil</span> <span class='ocrx_word' id='word_1_42' title='bbox 451 931 594 1006; x_wconf 80' lang='lat' dir='ltr'>appetere</span> <span class='ocrx_word' id='word_1_43' title='bbox 617 918 791 1012; x_wconf 74' lang='lat' dir='ltr'>jactatione,</span> <span class='ocrx_word' id='word_1_44' title='bbox 807 917 883 981; x_wconf 92' lang='lat' dir='ltr'>nihil</span> <span class='ocrx_word' id='word_1_45' title='bbox 898 920 937 981; x_wconf 92' lang='lat' dir='ltr'>ob</span> <span class='ocrx_word' id='word_1_46' title='bbox 952 918 1154 984; x_wconf 83' lang='lat' dir='ltr'>formidinem</span> 
     </span>
     <span class='ocr_line' id='line_1_8' title="bbox 204 1017 1154 1103; baseline 0.001 -19"><span class='ocrx_word' id='word_1_47' title='bbox 204 1042 357 1098; x_wconf 90' lang='lat' dir='ltr'>recusare,</span> <span class='ocrx_word' id='word_1_48' title='bbox 386 1021 539 1103; x_wconf 86' lang='lat' dir='ltr'>simulque</span> <span class='ocrx_word' id='word_1_49' title='bbox 551 1026 583 1082; x_wconf 87' lang='lat' dir='ltr'>et</span> <span class='ocrx_word' id='word_1_50' title='bbox 598 1017 707 1082; x_wconf 84' lang='lat' dir='ltr'>anxius</span> <span class='ocrx_word' id='word_1_51' title='bbox 723 1027 755 1082; x_wconf 89' lang='lat' dir='ltr'>et</span> <span class='ocrx_word' id='word_1_52' title='bbox 766 1021 899 1082; x_wconf 88' lang='lat' dir='ltr'>intentus</span> <span class='ocrx_word' id='word_1_53' title='bbox 928 1041 1031 1103; x_wconf 82' lang='lat' dir='ltr'>agere.</span> <span class='ocrx_word' id='word_1_54' title='bbox 1076 1021 1154 1086; x_wconf 92' lang='lat' dir='ltr'>Non</span> 
     </span>
     <span class='ocr_line' id='line_1_9' title="bbox 204 1119 1154 1206; baseline 0.002 -22"><span class='ocrx_word' id='word_1_55' title='bbox 204 1144 277 1185; x_wconf 86' lang='lat' dir='ltr'>sane</span> <span class='ocrx_word' id='word_1_56' title='bbox 297 1123 372 1186; x_wconf 91' lang='lat' dir='ltr'>alias</span> <span class='ocrx_word' id='word_1_57' title='bbox 395 1122 585 1186; x_wconf 87' lang='lat' dir='ltr'>exercitatior</span> <span class='ocrx_word' id='word_1_58' title='bbox 605 1122 767 1206; x_wconf 83' lang='lat' dir='ltr'>magisque</span> <span class='ocrx_word' id='word_1_59' title='bbox 783 1121 814 1183; x_wconf 91' lang='lat' dir='ltr'>in</span> <span class='ocrx_word' id='word_1_60' title='bbox 830 1121 975 1204; x_wconf 83' lang='lat' dir='ltr'>ambiguo</span> <span class='ocrx_word' id='word_1_61' title='bbox 990 1119 1154 1186; x_wconf 79' lang='lat' dir='ltr'>Britannia</span> 
     </span>
     <span class='ocr_line' id='line_1_10' title="bbox 203 1222 1152 1309; baseline 0 -21"><span class='ocrx_word' id='word_1_62' title='bbox 203 1223 281 1288; x_wconf 83' lang='lat' dir='ltr'>suit:</span> <span class='ocrx_word' id='word_1_63' title='bbox 305 1225 445 1288; x_wconf 88' lang='lat' dir='ltr'>trucidati</span> <span class='ocrx_word' id='word_1_64' title='bbox 466 1223 611 1299; x_wconf 87' lang='lat' dir='ltr'>veterani,</span> <span class='ocrx_word' id='word_1_65' title='bbox 634 1222 779 1285; x_wconf 88' lang='lat' dir='ltr'>incensae</span> <span class='ocrx_word' id='word_1_66' title='bbox 808 1222 955 1297; x_wconf 87' lang='lat' dir='ltr'>coloniae,</span> <span class='ocrx_word' id='word_1_67' title='bbox 986 1223 1152 1309; x_wconf 86' lang='lat' dir='ltr'>intercepti</span> 
     </span>
     <span class='ocr_line' id='line_1_11' title="bbox 204 1323 1152 1404; baseline 0 -14"><span class='ocrx_word' id='word_1_68' title='bbox 204 1327 376 1404; x_wconf 82' lang='lat' dir='ltr'>exercitus3</span> <span class='ocrx_word' id='word_1_69' title='bbox 399 1339 467 1390; x_wconf 91' lang='lat' dir='ltr'>tum</span> <span class='ocrx_word' id='word_1_70' title='bbox 488 1325 527 1389; x_wconf 93' lang='lat' dir='ltr'>de</span> <span class='ocrx_word' id='word_1_71' title='bbox 550 1324 747 1400; x_wconf 65' lang='lat' dir='ltr'>salutamen</span> <span class='ocrx_word' id='word_1_72' title='bbox 767 1323 806 1387; x_wconf 91' lang='lat' dir='ltr'>de</span> <span class='ocrx_word' id='word_1_73' title='bbox 827 1325 964 1400; x_wconf 84' lang='lat' dir='ltr'>victoria,</span> <span class='ocrx_word' id='word_1_74' title='bbox 981 1337 1152 1390; x_wconf 85' lang='lat' dir='ltr'>certavere.</span> 
     </span>
     <span class='ocr_line' id='line_1_12' title="bbox 204 1425 1152 1510; baseline 0 -20"><span class='ocrx_word' id='word_1_75' title='bbox 204 1428 295 1502; x_wconf 83' lang='lat' dir='ltr'>Quae</span> <span class='ocrx_word' id='word_1_76' title='bbox 313 1440 433 1502; x_wconf 88' lang='lat' dir='ltr'>cuncta,</span> <span class='ocrx_word' id='word_1_77' title='bbox 449 1427 507 1490; x_wconf 91' lang='lat' dir='ltr'>etsi</span> <span class='ocrx_word' id='word_1_78' title='bbox 530 1425 666 1488; x_wconf 89' lang='lat' dir='ltr'>consiliis</span> <span class='ocrx_word' id='word_1_79' title='bbox 688 1425 845 1509; x_wconf 91' lang='lat' dir='ltr'>ductuque</span> <span class='ocrx_word' id='word_1_80' title='bbox 867 1425 996 1488; x_wconf 83' lang='lat' dir='ltr'>alterius-</span> <span class='ocrx_word' id='word_1_81' title='bbox 1015 1426 1152 1510; x_wconf 86' lang='lat' dir='ltr'>ageban-</span> 
     </span>
     <span class='ocr_line' id='line_1_13' title="bbox 203 1517 1154 1611; baseline 0.001 -20"><span class='ocrx_word' id='word_1_82' title='bbox 203 1543 252 1591; x_wconf 88' lang='lat' dir='ltr'>tur</span> <span class='ocrx_word' id='word_1_83' title='bbox 273 1550 310 1590; x_wconf 92' lang='lat' dir='ltr'>ac</span> <span class='ocrx_word' id='word_1_84' title='bbox 333 1549 454 1590; x_wconf 91' lang='lat' dir='ltr'>summa</span> <span class='ocrx_word' id='word_1_85' title='bbox 475 1548 579 1590; x_wconf 90' lang='lat' dir='ltr'>rerum</span> <span class='ocrx_word' id='word_1_86' title='bbox 592 1519 625 1590; x_wconf 88' lang='lat' dir='ltr'>et</span> <span class='ocrx_word' id='word_1_87' title='bbox 643 1537 839 1609; x_wconf 84' lang='lat' dir='ltr'>recuperatae</span> <span class='ocrx_word' id='word_1_88' title='bbox 861 1517 1036 1608; x_wconf 87' lang='lat' dir='ltr'>provinciae</span> <span class='ocrx_word' id='word_1_89' title='bbox 1051 1528 1154 1611; x_wconf 85' lang='lat' dir='ltr'>gloria</span> 
     </span>
     <span class='ocr_line' id='line_1_14' title="bbox 203 1627 1152 1704; baseline 0.002 -12"><span class='ocrx_word' id='word_1_90' title='bbox 203 1631 234 1692; x_wconf 92' lang='lat' dir='ltr'>in</span> <span class='ocrx_word' id='word_1_91' title='bbox 248 1628 361 1692; x_wconf 92' lang='lat' dir='ltr'>ducem</span> <span class='ocrx_word' id='word_1_92' title='bbox 383 1629 486 1704; x_wconf 84' lang='lat' dir='ltr'>cessit,</span> <span class='ocrx_word' id='word_1_93' title='bbox 502 1639 599 1692; x_wconf 88' lang='lat' dir='ltr'>artem</span> <span class='ocrx_word' id='word_1_94' title='bbox 622 1640 653 1691; x_wconf 89' lang='lat' dir='ltr'>et</span> <span class='ocrx_word' id='word_1_95' title='bbox 675 1650 769 1692; x_wconf 91' lang='lat' dir='ltr'>usum</span> <span class='ocrx_word' id='word_1_96' title='bbox 791 1641 821 1692; x_wconf 90' lang='lat' dir='ltr'>et</span> <span class='ocrx_word' id='word_1_97' title='bbox 843 1627 983 1691; x_wconf 87' lang='lat' dir='ltr'>stimulos</span> <span class='ocrx_word' id='word_1_98' title='bbox 1002 1629 1152 1694; x_wconf 85' lang='lat' dir='ltr'>addidere</span> 
     </span>
     <span class='ocr_line' id='line_1_15' title="bbox 208 1729 1152 1817; baseline 0.002 -23"><span class='ocrx_word' id='word_1_99' title='bbox 208 1731 333 1817; x_wconf 84' lang='lat' dir='ltr'>jureni;</span> <span class='ocrx_word' id='word_1_100' title='bbox 361 1731 542 1815; x_wconf 86' lang='lat' dir='ltr'>intravitque</span> <span class='ocrx_word' id='word_1_101' title='bbox 566 1732 705 1796; x_wconf 89' lang='lat' dir='ltr'>animum</span> <span class='ocrx_word' id='word_1_102' title='bbox 733 1730 871 1794; x_wconf 90' lang='lat' dir='ltr'>militaris</span> <span class='ocrx_word' id='word_1_103' title='bbox 897 1729 1012 1814; x_wconf 88' lang='lat' dir='ltr'>gloriae</span> <span class='ocrx_word' id='word_1_104' title='bbox 1035 1732 1152 1814; x_wconf 91' lang='lat' dir='ltr'>cupido</span> 
     </span>
     <span class='ocr_line' id='line_1_16' title="bbox 203 1833 1151 1936; baseline -0.001 -38"><span class='ocrx_word' id='word_1_105' title='bbox 203 1836 320 1919; x_wconf 88' lang='lat' dir='ltr'>ingrata</span> <span class='ocrx_word' id='word_1_106' title='bbox 347 1833 545 1916; x_wconf 87' lang='lat' dir='ltr'>temporibus,</span> <span class='ocrx_word' id='word_1_107' title='bbox 576 1833 688 1916; x_wconf 89' lang='lat' dir='ltr'>quibus</span> <span class='ocrx_word' id='word_1_108' title='bbox 725 1833 847 1895; x_wconf 91' lang='lat' dir='ltr'>sinistra</span> <span class='ocrx_word' id='word_1_109' title='bbox 875 1853 948 1936; x_wconf 57' lang='lat' dir='ltr'>erqo</span> <span class='ocrx_word' id='word_1_110' title='bbox 976 1834 1151 1898; x_wconf 85' lang='lat' dir='ltr'>eminentes</span> 
     </span>
     <span class='ocr_line' id='line_1_17' title="bbox 203 1933 1146 2020; baseline -0.003 -19"><span class='ocrx_word' id='word_1_111' title='bbox 203 1937 418 2019; x_wconf 86' lang='lat' dir='ltr'>interpretatio,</span> <span class='ocrx_word' id='word_1_112' title='bbox 445 1957 503 1999; x_wconf 90' lang='lat' dir='ltr'>nec</span> <span class='ocrx_word' id='word_1_113' title='bbox 531 1936 633 2000; x_wconf 89' lang='lat' dir='ltr'>minus</span> <span class='ocrx_word' id='word_1_114' title='bbox 662 1933 835 2020; x_wconf 90' lang='lat' dir='ltr'>periculum</span> <span class='ocrx_word' id='word_1_115' title='bbox 861 1951 1032 2018; x_wconf 76' lang='lat' dir='ltr'>ex&#39;magna</span> <span class='ocrx_word' id='word_1_116' title='bbox 1053 1933 1146 2020; x_wconf 83' lang='lat' dir='ltr'>lama,</span> 
     </span>
     <span class='ocr_line' id='line_1_18' title="bbox 203 2038 455 2124; baseline -0.016 -21"><span class='ocrx_word' id='word_1_117' title='bbox 203 2061 296 2124; x_wconf 92' lang='lat' dir='ltr'>quam</span> <span class='ocrx_word' id='word_1_118' title='bbox 312 2061 351 2103; x_wconf 84' lang='lat' dir='ltr'>ex</span> <span class='ocrx_word' id='word_1_119' title='bbox 365 2038 455 2101; x_wconf 86' lang='lat' dir='ltr'>male.</span> 
     </span>
    </p>

    <p class='ocr_par' dir='ltr' id='par_1_3' title="bbox 203 2137 1217 2834">
     <span class='ocr_line' id='line_1_19' title="bbox 246 2137 1150 2222; baseline -0.001 -19"><span class='ocrx_word' id='word_1_120' title='bbox 246 2139 302 2203; x_wconf 91' lang='lat' dir='ltr'>VI.</span> <span class='ocrx_word' id='word_1_121' title='bbox 333 2139 418 2202; x_wconf 90' lang='lat' dir='ltr'>Hinc</span> <span class='ocrx_word' id='word_1_122' title='bbox 446 2137 486 2201; x_wconf 90' lang='lat' dir='ltr'>ad</span> <span class='ocrx_word' id='word_1_123' title='bbox 515 2138 720 2219; x_wconf 89' lang='lat' dir='ltr'>capessendos</span> <span class='ocrx_word' id='word_1_124' title='bbox 752 2139 948 2222; x_wconf 83' lang='lat' dir='ltr'>magistratus</span> <span class='ocrx_word' id='word_1_125' title='bbox 976 2140 1009 2202; x_wconf 92' lang='lat' dir='ltr'>in</span> <span class='ocrx_word' id='word_1_126' title='bbox 1036 2139 1150 2203; x_wconf 89' lang='lat' dir='ltr'>urbem</span> 
     </span>
     <span class='ocr_line' id='line_1_20' title="bbox 203 2237 1146 2324; baseline -0.001 -21"><span class='ocrx_word' id='word_1_127' title='bbox 203 2241 371 2324; x_wconf 84' lang='lat' dir='ltr'>digressus,</span> <span class='ocrx_word' id='word_1_128' title='bbox 387 2237 558 2302; x_wconf 85' lang='lat' dir='ltr'>Domitiam</span> <span class='ocrx_word' id='word_1_129' title='bbox 578 2237 791 2316; x_wconf 90' lang='lat' dir='ltr'>Decidianam,</span> <span class='ocrx_word' id='word_1_130' title='bbox 809 2240 976 2321; x_wconf 89' lang='lat' dir='ltr'>splendidis</span> <span class='ocrx_word' id='word_1_131' title='bbox 991 2240 1146 2303; x_wconf 87' lang='lat' dir='ltr'>natalibus</span> 
     </span>
     <span class='ocr_line' id='line_1_21' title="bbox 204 2340 1148 2427; baseline 0 -23"><span class='ocrx_word' id='word_1_132' title='bbox 204 2355 310 2417; x_wconf 90' lang='lat' dir='ltr'>ortam,</span> <span class='ocrx_word' id='word_1_133' title='bbox 341 2340 399 2404; x_wconf 91' lang='lat' dir='ltr'>sibi</span> <span class='ocrx_word' id='word_1_134' title='bbox 432 2341 556 2423; x_wconf 80' lang='lat' dir='ltr'>junxit3</span> <span class='ocrx_word' id='word_1_135' title='bbox 587 2341 679 2423; x_wconf 90' lang='lat' dir='ltr'>idque</span> <span class='ocrx_word' id='word_1_136' title='bbox 708 2343 936 2406; x_wconf 87' lang='lat' dir='ltr'>matrimonium</span> <span class='ocrx_word' id='word_1_137' title='bbox 964 2342 1003 2404; x_wconf 86' lang='lat' dir='ltr'>ad</span> <span class='ocrx_word' id='word_1_138' title='bbox 1030 2343 1148 2427; x_wconf 86' lang='lat' dir='ltr'>majora</span> 
     </span>
     <span class='ocr_line' id='line_1_22' title="bbox 203 2441 1217 2537; baseline 0.001 -31"><span class='ocrx_word' id='word_1_139' title='bbox 203 2443 309 2506; x_wconf 89' lang='lat' dir='ltr'>nitenti</span> <span class='ocrx_word' id='word_1_140' title='bbox 330 2441 426 2537; x_wconf 68' lang='lat' dir='ltr'>deque</span> <span class='ocrx_word' id='word_1_141' title='bbox 456 2463 493 2505; x_wconf 89' lang='lat' dir='ltr'>ac</span> <span class='ocrx_word' id='word_1_142' title='bbox 514 2443 606 2504; x_wconf 91' lang='lat' dir='ltr'>robur</span> <span class='ocrx_word' id='word_1_143' title='bbox 630 2441 708 2519; x_wconf 86' lang='lat' dir='ltr'>fuit;</span> <span class='ocrx_word' id='word_1_144' title='bbox 738 2445 939 2527; x_wconf 84' lang='lat' dir='ltr'>vixeruntque</span> <span class='ocrx_word' id='word_1_145' title='bbox 967 2445 1045 2506; x_wconf 90' lang='lat' dir='ltr'>mira</span> <span class='ocrx_word' id='word_1_146' title='bbox 1072 2466 1147 2506; x_wconf 89' lang='lat' dir='ltr'>con·</span> <span class='ocrx_word' id='word_1_147' title='bbox 1209 2482 1217 2507; x_wconf 65' lang='lat' dir='ltr'><em>s</em></span> 
     </span>
     <span class='ocr_line' id='line_1_23' title="bbox 204 2535 1147 2627; baseline 0.001 -19"><span class='ocrx_word' id='word_1_148' title='bbox 204 2545 315 2620; x_wconf 88' lang='lat' dir='ltr'>cordia,</span> <span class='ocrx_word' id='word_1_149' title='bbox 344 2535 399 2627; x_wconf 82' lang='lat' dir='ltr'>per</span> <span class='ocrx_word' id='word_1_150' title='bbox 426 2558 567 2610; x_wconf 88' lang='lat' dir='ltr'>mutuam</span> <span class='ocrx_word' id='word_1_151' title='bbox 592 2546 749 2610; x_wconf 88' lang='lat' dir='ltr'>caritatem</span> <span class='ocrx_word' id='word_1_152' title='bbox 779 2557 809 2608; x_wconf 94' lang='lat' dir='ltr'>et</span> <span class='ocrx_word' id='word_1_153' title='bbox 837 2547 969 2610; x_wconf 89' lang='lat' dir='ltr'>invicem</span> <span class='ocrx_word' id='word_1_154' title='bbox 998 2568 1032 2608; x_wconf 88' lang='lat' dir='ltr'>sc</span> <span class='ocrx_word' id='word_1_155' title='bbox 1061 2559 1147 2610; x_wconf 91' lang='lat' dir='ltr'>ante-</span> 
     </span>
     <span class='ocr_line' id='line_1_24' title="bbox 203 2647 1144 2732; baseline -0.001 -21"><span class='ocrx_word' id='word_1_156' title='bbox 203 2648 362 2732; x_wconf 91' lang='lat' dir='ltr'>ponendo:</span> <span class='ocrx_word' id='word_1_157' title='bbox 385 2649 445 2711; x_wconf 93' lang='lat' dir='ltr'>nisi</span> <span class='ocrx_word' id='word_1_158' title='bbox 468 2647 549 2730; x_wconf 91' lang='lat' dir='ltr'>quod</span> <span class='ocrx_word' id='word_1_159' title='bbox 572 2648 604 2710; x_wconf 93' lang='lat' dir='ltr'>in</span> <span class='ocrx_word' id='word_1_160' title='bbox 626 2648 705 2710; x_wconf 87' lang='lat' dir='ltr'>bona</span> <span class='ocrx_word' id='word_1_161' title='bbox 727 2669 820 2710; x_wconf 84' lang='lat' dir='ltr'>uxore</span> <span class='ocrx_word' id='word_1_162' title='bbox 841 2655 925 2710; x_wconf 82' lang='lat' dir='ltr'>tanto</span> <span class='ocrx_word' id='word_1_163' title='bbox 947 2648 1043 2732; x_wconf 84' lang='lat' dir='ltr'>major</span> <span class='ocrx_word' id='word_1_164' title='bbox 1064 2648 1144 2724; x_wconf 91' lang='lat' dir='ltr'>laus,</span> 
     </span>
     <span class='ocr_line' id='line_1_25' title="bbox 204 2748 1145 2834; baseline -0.002 -20"><span class='ocrx_word' id='word_1_165' title='bbox 204 2765 316 2834; x_wconf 89' lang='lat' dir='ltr'>quanto</span> <span class='ocrx_word' id='word_1_166' title='bbox 345 2753 375 2814; x_wconf 94' lang='lat' dir='ltr'>in</span> <span class='ocrx_word' id='word_1_167' title='bbox 404 2749 485 2813; x_wconf 89' lang='lat' dir='ltr'>mala</span> <span class='ocrx_word' id='word_1_168' title='bbox 517 2749 588 2834; x_wconf 92' lang='lat' dir='ltr'>plus</span> <span class='ocrx_word' id='word_1_169' title='bbox 618 2749 726 2830; x_wconf 90' lang='lat' dir='ltr'>culpae</span> <span class='ocrx_word' id='word_1_170' title='bbox 757 2760 813 2811; x_wconf 88' lang='lat' dir='ltr'>est.</span> <span class='ocrx_word' id='word_1_171' title='bbox 859 2748 932 2811; x_wconf 85' lang='lat' dir='ltr'>Sors</span> <span class='ocrx_word' id='word_1_172' title='bbox 961 2762 1145 2832; x_wconf 88' lang='lat' dir='ltr'>quaesturae</span> 
     </span>
    </p>

    <p class='ocr_par' dir='ltr' id='par_1_4' title="bbox 152 2849 1147 3740">
     <span class='ocr_line' id='line_1_26' title="bbox 152 2849 1143 2933; baseline -0.003 -18"><span class='ocrx_word' id='word_1_173' title='bbox 152 2899 153 2902; x_wconf 63' lang='lat'>,</span> <span class='ocrx_word' id='word_1_174' title='bbox 202 2854 390 2932; x_wconf 89' lang='lat' dir='ltr'>provinciam</span> <span class='ocrx_word' id='word_1_175' title='bbox 418 2853 537 2927; x_wconf 89' lang='lat' dir='ltr'>Asiam,</span> <span class='ocrx_word' id='word_1_176' title='bbox 566 2850 782 2933; x_wconf 89' lang='lat' dir='ltr'>proconsulem</span> <span class='ocrx_word' id='word_1_177' title='bbox 817 2849 956 2913; x_wconf 85' lang='lat' dir='ltr'>Salvium</span> <span class='ocrx_word' id='word_1_178' title='bbox 985 2849 1143 2913; x_wconf 88' lang='lat' dir='ltr'>Titianum</span> 
     </span>
     <span class='ocr_line' id='line_1_27' title="bbox 203 2953 1146 3035; baseline 0 -20"><span class='ocrx_word' id='word_1_179' title='bbox 203 2953 306 3015; x_wconf 90' lang='lat' dir='ltr'>dedit:</span> <span class='ocrx_word' id='word_1_180' title='bbox 330 2973 461 3034; x_wconf 90' lang='lat' dir='ltr'>quorum</span> <span class='ocrx_word' id='word_1_181' title='bbox 488 2963 595 3013; x_wconf 91' lang='lat' dir='ltr'>neutro</span> <span class='ocrx_word' id='word_1_182' title='bbox 625 2963 785 3034; x_wconf 88' lang='lat' dir='ltr'>corruptus</span> <span class='ocrx_word' id='word_1_183' title='bbox 815 2965 880 3028; x_wconf 92' lang='lat' dir='ltr'>est;</span> <span class='ocrx_word' id='word_1_184' title='bbox 910 2973 1086 3035; x_wconf 86' lang='lat' dir='ltr'>quanquam</span> <span class='ocrx_word' id='word_1_185' title='bbox 1114 2965 1146 3015; x_wconf 85' lang='lat' dir='ltr'>et</span> 
     </span>
     <span class='ocr_line' id='line_1_28' title="bbox 203 3052 1145 3138; baseline 0.003 -24"><span class='ocrx_word' id='word_1_186' title='bbox 203 3054 358 3134; x_wconf 88' lang='lat' dir='ltr'>provincia</span> <span class='ocrx_word' id='word_1_187' title='bbox 372 3052 458 3114; x_wconf 88' lang='lat' dir='ltr'>dives</span> <span class='ocrx_word' id='word_1_188' title='bbox 480 3072 517 3114; x_wconf 86' lang='lat' dir='ltr'>ac</span> <span class='ocrx_word' id='word_1_189' title='bbox 539 3063 643 3136; x_wconf 90' lang='lat' dir='ltr'>parata</span> <span class='ocrx_word' id='word_1_190' title='bbox 664 3054 875 3136; x_wconf 87' lang='lat' dir='ltr'>peccantibus,</span> <span class='ocrx_word' id='word_1_191' title='bbox 890 3067 921 3117; x_wconf 88' lang='lat' dir='ltr'>et</span> <span class='ocrx_word' id='word_1_192' title='bbox 934 3055 1099 3138; x_wconf 90' lang='lat' dir='ltr'>proconsul</span> <span class='ocrx_word' id='word_1_193' title='bbox 1114 3056 1145 3117; x_wconf 91' lang='lat' dir='ltr'>in</span> 
     </span>
     <span class='ocr_line' id='line_1_29' title="bbox 204 3153 1145 3237; baseline 0 -19"><span class='ocrx_word' id='word_1_194' title='bbox 204 3177 326 3220; x_wconf 91' lang='lat' dir='ltr'>omnem</span> <span class='ocrx_word' id='word_1_195' title='bbox 354 3153 529 3217; x_wconf 87' lang='lat' dir='ltr'>aviditatem</span> <span class='ocrx_word' id='word_1_196' title='bbox 556 3174 680 3235; x_wconf 88' lang='lat' dir='ltr'>pronus,</span> <span class='ocrx_word' id='word_1_197' title='bbox 710 3155 896 3237; x_wconf 88' lang='lat' dir='ltr'>quantalibet</span> <span class='ocrx_word' id='word_1_198' title='bbox 924 3155 1069 3218; x_wconf 87' lang='lat' dir='ltr'>facilitate</span> <span class='ocrx_word' id='word_1_199' title='bbox 1097 3177 1145 3218; x_wconf 89' lang='lat' dir='ltr'>re-</span> 
     </span>
     <span class='ocr_line' id='line_1_30' title="bbox 204 3256 1145 3339; baseline -0.001 -18"><span class='ocrx_word' id='word_1_200' title='bbox 204 3259 383 3339; x_wconf 89' lang='lat' dir='ltr'>dempturus</span> <span class='ocrx_word' id='word_1_201' title='bbox 399 3269 482 3319; x_wconf 87' lang='lat' dir='ltr'>esset</span> <span class='ocrx_word' id='word_1_202' title='bbox 496 3269 636 3320; x_wconf 90' lang='lat' dir='ltr'>mutuam</span> <span class='ocrx_word' id='word_1_203' title='bbox 652 3256 928 3320; x_wconf 87' lang='lat' dir='ltr'>dissimulationem</span> <span class='ocrx_word' id='word_1_204' title='bbox 941 3257 1024 3321; x_wconf 89' lang='lat' dir='ltr'>mali.</span> <span class='ocrx_word' id='word_1_205' title='bbox 1061 3258 1145 3320; x_wconf 86' lang='lat' dir='ltr'>Auc-</span> 
     </span>
     <span class='ocr_line' id='line_1_31' title="bbox 204 3357 1147 3437; baseline 0 -17"><span class='ocrx_word' id='word_1_206' title='bbox 204 3371 254 3420; x_wconf 93' lang='lat' dir='ltr'>tus</span> <span class='ocrx_word' id='word_1_207' title='bbox 270 3373 317 3422; x_wconf 88' lang='lat' dir='ltr'>est</span> <span class='ocrx_word' id='word_1_208' title='bbox 331 3360 374 3422; x_wconf 92' lang='lat' dir='ltr'>ibi</span> <span class='ocrx_word' id='word_1_209' title='bbox 388 3359 460 3434; x_wconf 85' lang='lat' dir='ltr'>filie,</span> <span class='ocrx_word' id='word_1_210' title='bbox 477 3361 509 3422; x_wconf 93' lang='lat' dir='ltr'>in</span> <span class='ocrx_word' id='word_1_211' title='bbox 531 3357 703 3421; x_wconf 91' lang='lat' dir='ltr'>subsidium</span> <span class='ocrx_word' id='word_1_212' title='bbox 723 3357 815 3437; x_wconf 79' lang='lat' dir='ltr'>simul</span> <span class='ocrx_word' id='word_1_213' title='bbox 834 3367 866 3422; x_wconf 88' lang='lat' dir='ltr'>et</span> <span class='ocrx_word' id='word_1_214' title='bbox 885 3357 1050 3422; x_wconf 86' lang='lat' dir='ltr'>solatium:</span> <span class='ocrx_word' id='word_1_215' title='bbox 1074 3380 1147 3421; x_wconf 89' lang='lat' dir='ltr'>nam</span> 
     </span>
     <span class='ocr_line' id='line_1_32' title="bbox 204 3459 1147 3542; baseline 0.002 -22"><span class='ocrx_word' id='word_1_216' title='bbox 204 3459 302 3520; x_wconf 91' lang='lat' dir='ltr'>filium</span> <span class='ocrx_word' id='word_1_217' title='bbox 318 3471 387 3520; x_wconf 89' lang='lat' dir='ltr'>ante</span> <span class='ocrx_word' id='word_1_218' title='bbox 411 3460 567 3521; x_wconf 89' lang='lat' dir='ltr'>sublatum</span> <span class='ocrx_word' id='word_1_219' title='bbox 589 3459 672 3521; x_wconf 88' lang='lat' dir='ltr'>brevi</span> <span class='ocrx_word' id='word_1_220' title='bbox 695 3460 806 3520; x_wconf 88' lang='lat' dir='ltr'>amisit.</span> <span class='ocrx_word' id='word_1_221' title='bbox 852 3459 927 3521; x_wconf 84' lang='lat' dir='ltr'>Mox</span> <span class='ocrx_word' id='word_1_222' title='bbox 945 3460 1021 3522; x_wconf 89' lang='lat' dir='ltr'>inter</span> <span class='ocrx_word' id='word_1_223' title='bbox 1035 3481 1147 3542; x_wconf 89' lang='lat' dir='ltr'>quaes·</span> 
     </span>
     <span class='ocr_line' id='line_1_33' title="bbox 205 3539 1147 3644; baseline 0.005 -24"><span class='ocrx_word' id='word_1_224' title='bbox 205 3570 304 3621; x_wconf 79' lang='lat' dir='ltr'>tinam</span> <span class='ocrx_word' id='word_1_225' title='bbox 326 3579 362 3618; x_wconf 91' lang='lat' dir='ltr'>ac</span> <span class='ocrx_word' id='word_1_226' title='bbox 391 3539 578 3618; x_wconf 76' lang='lat' dir='ltr'>tribunatrim</span> <span class='ocrx_word' id='word_1_227' title='bbox 606 3558 705 3637; x_wconf 91' lang='lat' dir='ltr'>plebis</span> <span class='ocrx_word' id='word_1_228' title='bbox 728 3570 818 3638; x_wconf 86' lang='lat' dir='ltr'>atque</span> <span class='ocrx_word' id='word_1_229' title='bbox 848 3561 940 3622; x_wconf 89' lang='lat' dir='ltr'>etiam</span> <span class='ocrx_word' id='word_1_230' title='bbox 969 3561 1073 3644; x_wconf 89' lang='lat' dir='ltr'>ipsum</span> <span class='ocrx_word' id='word_1_231' title='bbox 1095 3555 1147 3626; x_wconf 82' lang='lat' dir='ltr'>tri·</span> 
     </span>
     <span class='ocr_line' id='line_1_34' title="bbox 206 3657 1146 3740; baseline 0.002 -16"><span class='ocrx_word' id='word_1_232' title='bbox 206 3658 336 3724; x_wconf 86' lang='lat' dir='ltr'>bunatus</span> <span class='ocrx_word' id='word_1_233' title='bbox 366 3675 478 3716; x_wconf 86' lang='lat' dir='ltr'>annum</span> <span class='ocrx_word' id='word_1_234' title='bbox 508 3658 610 3735; x_wconf 88' lang='lat' dir='ltr'>quiete</span> <span class='ocrx_word' id='word_1_235' title='bbox 639 3669 668 3716; x_wconf 88' lang='lat' dir='ltr'>et</span> <span class='ocrx_word' id='word_1_236' title='bbox 699 3657 759 3716; x_wconf 88' lang='lat' dir='ltr'>otio</span> <span class='ocrx_word' id='word_1_237' title='bbox 788 3661 913 3732; x_wconf 86' lang='lat' dir='ltr'>transiit,</span> <span class='ocrx_word' id='word_1_238' title='bbox 944 3682 1058 3740; x_wconf 80' lang='lat' dir='ltr'>gnarus</span> <span class='ocrx_word' id='word_1_239' title='bbox 1088 3663 1146 3726; x_wconf 88' lang='lat' dir='ltr'>sub</span> 
     </span>
    </p>
   </div>
   <div class='ocr_carea' id='block_1_3' title="bbox 1015 3819 1265 4220">
    <p class='ocr_par' dir='ltr' id='par_1_5' title="bbox 1015 3819 1265 4220">
     <span class='ocr_line' id='line_1_35' title="bbox 1015 3819 1265 4220; baseline 0 -22"><span class='ocrx_word' id='word_1_240' title='bbox 1015 3819 1265 4220; x_wconf 48' lang='grc' dir='ltr'><em>ᾼ</em></span> 
     </span>
    </p>
   </div>
   <div class='ocr_carea' id='block_1_4' title="bbox 0 0 1280 4228">
    <p class='ocr_par' dir='ltr' id='par_1_6' title="bbox 0 0 1280 4228">
     <span class='ocr_line' id='line_1_36' title="bbox 0 0 1280 4228; baseline 0 1"><span class='ocrx_word' id='word_1_241' title='bbox 0 0 1280 4228; x_wconf 95' lang='lat' dir='ltr'> </span> 
     </span>
    </p>
   </div>
  </div>
 </body>
</html>
