2526 4222
205 254 246 314 66
508 269 563 332 „a
586 266 682 309 court.
705 266 814 310 raeiri

245 409 388 475 xxxtt.
412 415 459 478 Ac
487 415 585 496 primo
612 435 780 498 congressu
802 415 922 478 eminus
946 416 1119 482 certabatur

205 514 296 578 simul
311 518 488 591 constantia,
505 516 596 579 simul
611 528 673 577 arte
689 514 824 578 Britanni
840 517 1015 598 ingentibus
1029 519 1147 602 gladiis

205 629 235 678 et
248 616 392 678 brevibus
415 619 506 679 cetris
528 617 656 679 missilia
680 630 853 678 nostrorum
865 618 961 680 vitare
976 619 1026 680 vel
1047 641 1142 682 excu-

204 730 278 791 tere,
301 729 392 799 atque
414 709 473 797 ipsi
494 705 637 798 magnam
658 717 722 779 vim
742 703 877 778 ⁴telorum
899 717 1140 797 superfundere:

204 817 301 880 donec
345 815 497 901 Agricola
544 815 736 878 Batavorum
775 815 914 878 cohortes
938 839 976 879 ac
999 802 1142 902 Tungro-

204 941 273 982 rum
300 918 377 980 duas
406 916 579 979 cohortatus
607 931 663 992 est,
686 929 722 979 ut
749 937 816 979 rem
844 917 883 978 ad
910 939 1074 981 mucrones
1103 941 1141 981 ac

204 1041 314 1084 manus
342 1019 545 1082 adducerent:
569 1017 651 1100 quod
679 1030 709 1080 et
737 1019 811 1098 ipsis
832 1031 985 1081 vetustate
1015 1021 1141 1083 militiae

205 1124 414 1197 exercitatum,
430 1132 460 1183 et
475 1118 614 1182 hostibus
636 1118 768 1181 inhabile
792 1141 886 1200 parva
906 1133 995 1183 scuta
1010 1132 1042 1183 et
1056 1143 1140 1184 enor-

205 1244 272 1285 mes
287 1221 404 1306 gladios
426 1221 620 1304 gerentibus:
643 1240 715 1282 nam
737 1217 950 1282 Britannorum
965 1220 1060 1303 gladii
1075 1223 1139 1284 sine

205 1319 350 1386 mucrone
373 1321 750 1402 complexum‘armorum'
766 1333 796 1383 et
820 1322 852 1383 in
876 1329 1141 1406 aperto'pugnam

205 1446 264 1486 non
279 1423 455 1486 tolerabant.
498 1422 605 1504 igitur,
621 1434 656 1484 ut
671 1421 779 1485 Batavi
799 1423 928 1484 miscere
944 1423 1036 1498 ictus
1052 1422 1140 1486 ferire

204 1522 399 1598 umbonibus,
415 1543 467 1582 ora
487 1521 620 1598 foedare,
638 1535 668 1585 et
690 1525 790 1586 stratis
813 1524 866 1606 qui
880 1525 911 1586 in
925 1545 1025 1607 aequo
1049 1526 1141 1588 obsti·

205 1635 310 1697 terant,
326 1623 442 1706 erigere
458 1621 489 1683 in
503 1621 598 1684 colles
620 1625 721 1686 aciem
742 1645 880 1706 coepere,
897 1638 1017 1688 ceterae
1035 1627 1141 1689 eohor-

204 1736 260 1800 tes‚
298 1723 500 1787 aemulatione
536 1735 567 1786 et
601 1725 717 1805 impetu
761 1727 949 1800 commistae,
985 1729 1141 1806 proximos

205 1847 343 1909 quosque
365 1825 515 1903 caedere3
539 1846 575 1888 ac
596 1825 733 1908 plerique
756 1827 927 1889 semineces
949 1839 1003 1890 aut
1031 1829 1141 1912 integri

205 1929 396 1992 festinatione
423 1929 568 1990 victoriae
599 1927 856 2010 relinquebantur.
900 1926 1027 1990 Interim
1056 1931 1142 2012 equi·

204 2042 269 2093 tum
306 2041 423 2093 turmae
451 2028 568 2112 fugere,
603 2029 746 2090 covinarii
781 2027 920 2112 pediturn
955 2049 988 2090 se
1024 2030 1143 2113 proelio

204 2132 356 2193 miscuere
372 2151 391 2191 :1
417 2141 457 2205 et,
486 2150 661 2213 quanquam
691 2140 846 2192 recentem
881 2140 1026 2192 terrorem
1062 2133 1129 2193 intu

204 2230 309 2305 lerant,
325 2230 428 2292 densis
450 2242 554 2293 tamen
574 2221 709 2293 hostium
731 2230 904 2312 agminibus
927 2242 958 2293 et
974 2231 1143 2314 inaequali·

203 2329 263 2391 bus
286 2328 361 2390 locis
383 2329 564 2392 haerebant:
589 2330 775 2412 minimeque
798 2331 948 2412 equestris
963 2319 1000 2392 ea
1018 2352 1141 2414 pugnae

204 2427 299 2490 facies
314 2439 386 2503 erat,
402 2449 474 2490 cum
488 2449 578 2512 aegre
593 2429 645 2491 diu
669 2441 782 2509 stantes
799 2430 890 2492 simul
912 2451 1061 2512 equorum
1076 2453 1142 2494 cor·
1245 2503 1246 2518 χ

205 2527 328 2610 poribus
351 2528 585 2610 impellerentur,
602 2549 638 2591 ac
660 2549 752 2610 saepe
773 2530 844 2612 vagi
866 2550 982 2604 currus,
1007 2532 1142 2594 exterriti
1192 2569 1205 2580 -

206 2631 272 2692 sine
308 2631 475 2693 rectoribus
510 2632 590 2714 equi,
620 2642 655 2693 ut
682 2651 835 2713 quemque
864 2629 993 2692 formido
1021 2631 1142 2698 tulerat

207 2746 394 2795 transversos
410 2744 462 2794 aut
477 2733 582 2795 obvios
597 2724 802 2796 incursabant.

248 2829 405 2892 XXXVII.
428 2831 471 2894 Et
493 2831 638 2909 Britanni,
661 2825 714 2915 qui
736 2831 836 2896 adhuc
857 2854 977 2916 pugnae
999 2846 1142 2914 expertes

208 2953 329 2996 summa
350 2932 475 2994 collium
503 2932 676 2996 insederant
704 2944 735 2995 et
762 2935 948 3018 paucitatem
969 2925 1144 2998 nostrerum

205 3033 294 3094 vacui
317 3029 507 3113 spernebant,
523 3031 648 3114 degredi
670 3033 817 3116 paulatim
832 3047 862 3096 et
876 3035 1037 3098 circumire
1056 3047 1144 3119 terga

206 3131 392 3196 vincentium
413 3144 596 3212 coeperant:
620 3133 652 3196 ni
673 3132 705 3195 id
726 3134 828 3214 ipsum
849 3135 963 3197 veritus
985 3134 1142 3218 Agricola,

206 3245 334 3317 quatuor
350 3233 488 3315 equitum
502 3233 576 3311 alas,
592 3234 632 3297 ad
653 3234 753 3296 subita
772 3234 845 3296 belli
859 3247 1001 3311 retentas,
1016 3237 1143 3299 venien·

205 3335 287 3398 tibus
324 3335 525 3414 opposuisset,
561 3323 733 3418 quantoque
768 3327 906 3398 ferocius'
939 3351 1142 3413 accurrerant,

207 3447 288 3497 anto
315 3436 416 3496 acrius
445 3436 565 3516 pulsos·
580 3437 612 3498 in
639 3435 744 3517 fugam
769 3433 950 3517 disjecisset.
994 3435 1041 3497 lta
1070 3457 1144 3499 con·

207 3532 309 3598 silium
331 3531 544 3597 Britannorum
565 3536 597 3597 in
618 3537 703 3617 ipsos
723 3553 867 3596 versum:
891 3536 1145 3619 transvectaeque

206 3642 365 3710 praecepto
387 3629 475 3690 ducis
501 3653 520 3692 a
547 3632 644 3694 fronte
672 3633 872 3712 pugnantium
903 3634 978 3712 alae,
1002 3657 1145 3702 aversam
