2552 4228
186 238 226 304 2'2
496 258 526 299 c.
549 257 646 300 conr.
670 255 806 300 rucrrus

182 399 344 480 captivum,
378 418 502 480 quoquo
537 396 629 460 modo
664 398 876 478 interceptum,
914 419 987 461 cum
1022 404 1118 463 electe
1255 384 1258 480 l

181 498 376 584 popularium
398 519 533 574 suorum,
549 499 654 580 patriis
675 520 831 582 quemque
853 517 956 576 armus,
981 502 1105 563 commit

183 613 271 664 tunt:
302 601 429 664 victoria
464 599 556 684 hujus
584 600 634 662 vel
662 600 744 663 illius
772 623 827 682 pro
854 601 1043 686 praejudicio
1071 623 1107 664 ac
1255 489 1263 757 l

182 706 302 786 cipitur.

8 794 285 895 {QQXL
307 804 357 868 De
379 806 547 869 minoribus
569 804 662 868 rebus
688 805 843 890 principes
864 805 1058 882 consultant;
1082 804 1123 868 de

183 907 349 992 majoribus
372 928 502 970 omues:
526 909 568 970 ita
589 920 713 983 tamen,
725 919 760 970 ut
781 927 819 970 ea
840 926 974 990 quoque,
991 928 1122 990 quorum
1153 959 1155 966 .
1262 896 1263 916 ’

182 1031 279 1094 penes
300 1008 424 1090 plebem
446 1008 604 1075 arbitrium
626 1021 682 1085 est,
706 1007 788 1089 apud
809 1009 961 1089 principes
989 1019 1122 1092 pertrac-

183 1121 294 1174 tentur.
349 1111 482 1187 Coeunt,
518 1111 579 1173 nisi
614 1110 689 1193 quid
723 1109 883 1172 fortuitum
919 1122 950 1172 et
986 1109 1122 1172 subitum

183 1212 333 1288 inciderit,
357 1214 448 1276 certis
470 1212 590 1288 diebus,
614 1233 687 1274 cum
708 1222 762 1274 aut
789 1209 949 1274 inchoatur
975 1210 1050 1272 luna
1071 1221 1123 1272 aut

184 1313 346 1395 impletur:
377 1337 449 1378 nam
470 1313 597 1397 agendis
630 1311 723 1375 rebus
749 1311 808 1374 hoc
841 1311 1122 1392 auspicatissimum

184 1415 306 1478 initium
328 1415 466 1478 credunt.
509 1413 579 1476 Nec
600 1413 720 1476 dierum
741 1425 965 1488 numerum,'ut
985 1433 1052 1490 nos,
1069 1411 1122 1474 sed

184 1517 321 1578 noctium
342 1523 530 1594 computant.
576 1515 630 1578 Sic
652 1517 850 1592 constituunt,
870 1515 916 1578 sic
938 1515 1120 1578 condicunt:

185 1637 245 1677 nox
266 1613 379 1678 ducere
401 1615 485 1678 diem
505 1613 636 1678 videtur.
680 1615 762 1678 Illud
784 1638 822 1679 ex
844 1617 981 1679 libertate
1003 1617 1122 1692 vitium,

185 1715 268 1800 quod
289 1737 348 1778 non
373 1716 475 1793 simul,
490 1737 549 1780 nec
570 1729 605 1780 ut
623 1716 703 1802 jussi
725 1718 918 1794 conveniunt,
935 1717 991 1781 sed
1005 1728 1037 1780 et
1050 1717 1123 1780 alter

186 1831 216 1882 et
230 1819 337 1882 tertius
352 1819 418 1883 dies
441 1820 633 1883 cunctatione
656 1820 836 1883 coeuntium
858 1819 1038 1882 absumitur.
1082 1814 1124 1882 Ut

185 1921 292 1985 turbae
306 1921 431 2003 placuit,
447 1921 609 1985 considunt
624 1922 741 1984 armati.
777 1920 942 1984 Silentium
955 1941 1011 2000 per
1025 1941 1123 1982 sacer-

186 2022 283 2099 dotes,
310 2023 423 2105 quibus
451 2035 518 2084 tum
546 2034 577 2085 et
605 2021 766 2084 coercendi
790 2022 842 2106 jus
868 2033 925 2098 est,
949 2022 1116 2106 imperatur

187 2123 263 2187 Mox
290 2144 344 2186 rex
371 2123 422 2186 vel
456 2122 610 2208 princeps
639 2135 729 2202 prout
764 2135 848 2186 aetas
885 2123 1008 2206 cuique,
1037 2136 1126 2204 prout

186 2226 337 2300 nobilitas,
367 2235 457 2308 prout
481 2215 577 2287 decus
604 2224 766 2301 bellorum,
788 2236 879 2309 prout
903 2225 1047 2288 facundia
1069 2239 1124 2301 est,

187 2325 360 2401 audiuntur,
385 2327 562 2388 auctoritate
585 2325 733 2390 suadendi
754 2327 863 2410 magis,
887 2348 980 2409 quarn
998 2326 1125 2410 jubendi

186 2437 347 2509 potestate.
406 2425 441 2489 Si
477 2426 633 2508 displicuit
669 2429 826 2504 sententia,
864 2427 988 2491 fremitu
1024 2449 1127 2508 asper-

187 2539 319 2605 nantur;
358 2529 405 2591 sin
433 2527 558 2613 placuit,
587 2529 718 2593 frameas
755 2530 942 2594 concutiunt.
986 2527 1127 2594 Honora-

187 2629 344 2693 tissimum
357 2652 505 2694 assensus
527 2653 626 2716 genus
642 2644 698 2710 est,
715 2633 806 2695 armis
820 2631 955 2695 laudare.

26 2729 147 2828 ‘EQ
230 2730 307 2798 XII.
337 2731 427 2798 Licet
462 2734 544 2816 apud
573 2735 746 2814 concilium
770 2754 915 2799 accusare
944 2753 1066 2816 quoque
1097 2746 1128 2796 ct

8 2831 177 2918 PM
188 2834 354 2910 discrimen
376 2837 483 2916 capitis
506 2836 672 2899 intendere.
716 2833 881 2900 Distinctio
902 2855 1070 2920 poenarum
1089 2856 1127 2898 ex

189 2934 322 2997 delicto:
352 2935 521 3014 proditores
550 2947 581 2996 et
609 2934 782 3017 transfugas
811 2937 968 2999 arboribus
998 2956 1128 3020 suspen-

190 3034 284 3110 dunt;
308 3034 435 3116 ignavos
460 3045 493 3096 et
512 3034 652 3097 imbelles
679 3046 710 3097 et
731 3055 857 3115 corpore
879 3036 1009 3100 infames
1031 3059 1128 3100 coeno

189 3158 227 3198 ac
240 3133 362 3220 palude,
379 3133 489 3218 injecta
510 3133 635 3214 insuper
656 3146 748 3210 crate,
761 3147 912 3219 mergunt.
957 3136 1128 3202 Diversitas

190 3238 333 3320 supplicii
375 3236 448 3300 illuc
489 3235 624 3317 respicit,
664 3247 810 3319 tanquam
852 3237 969 3302 scelera
1011 3241 1130 3306 ostendi

190 3351 335 3420 oporteat,
372 3335 447 3402 dum
481 3339 657 3420 puniuntur,
696 3337 812 3420 flagitia
851 3339 1007 3404 abscondi.
1065 3340 1130 3405 Sed
1212 3354 1214 3357 ’

50 3445 158 3522 tm
191 3451 222 3500 et
243 3439 408 3501 levioribus
430 3439 559 3516 delictis,
581 3459 637 3523 pro
658 3436 750 3500 modo
777 3460 955 3523 poenarum,
980 3461 1130 3522 equorum

8 3573 10 3580 ·
111 3620 115 3628 1
191 3559 398 3621 pecorumque
448 3561 575 3603 numero
626 3539 756 3603 convicti
798 3527 1008 3603 mulctantur:
1058 3563 1130 3622 pars

193 3639 324 3753 quietae
352 3641 415 3723 regi
446 3641 495 3702 vol
524 3641 646 3716 civitati,
675 3661 746 3721 pars
776 3642 843 3723 ipsi,
874 3641 924 3724 qui
952 3641 1131 3722 vindicatur,
