2552 4228
199 274 243 334 40
518 287 548 326 c.
573 285 669 327 cortu.
693 283 829 326 ricinus

198 457 235 499 ac
258 434 314 499 soli
337 435 474 498 omnium
496 435 668 510 succinum,
692 431 775 516 quod
796 433 856 514 ipsi
877 432 1001 516 glesum
1022 448 1140 510 vocant,

199 540 277 601 inter
297 536 376 600 vada
403 547 494 620 atque
520 535 642 620 inipso
668 533 769 598 littore
797 534 914 618 legunt.
958 533 1040 612 Nec,
1063 529 1140 620 quae

198 651 306 702 natura
343 659 460 724 quaeve
486 638 563 702 ratio
591 638 705 720 gignat,
731 649 768 700 ut
793 636 940 713 barbaris,
967 639 1142 720 quaesitum

200 752 440 822 compertumve.
494 737 559 803 Diu
586 739 662 822 quin
697 739 790 802 etiam
817 738 896 802 inter
924 749 1028 802 cetera
1064 739 1142 824 ejec-

200 854 334 906 tamenta
361 841 455 906 maris
492 839 624 926 jacebat,
653 839 752 904 donec
780 839 902 903 luxuria
928 851 1033 903 nostra
1060 841 1143 904 dedit

200 964 335 1006 nomen:
369 942 445 1028 ipsis
474 942 507 1006 in
533 941 618 1005 nullo
645 960 729 1004 usu:
758 939 834 1003 rude
862 940 983 1026 legitur,
1014 942 1143 1006 informe

200 1044 360 1125 perfertur,
389 1044 584 1128 pretiumque
611 1043 758 1106 mirantes
787 1042 951 1123 accipiunt.
1005 1041 1144 1106 Succum

201 1158 306 1210 tamen
326 1145 469 1212 arborum
493 1166 564 1210 esse
586 1143 751 1228 intelligas,
767 1144 839 1228 quia
859 1155 979 1208 terrena
992 1145 1145 1228 quaedam

202 1261 294 1334 atque
320 1249 414 1314 etiam
426 1248 564 1313 volucria
584 1246 727 1311 animalia
748 1245 930 1331 plerumque
952 1246 1144 1323 interlucent,

202 1373 282 1436 quae
297 1351 454 1433 implicata
479 1349 619 1424 humore,
632 1369 714 1425 mox,
730 1347 912 1412 durescente
927 1349 1066 1426 materia,
1083 1348 1146 1412 clu·

201 1453 325 1516 duntur.
380 1451 575 1516 Fecundiora
601 1451 696 1534 igitur
722 1471 849 1514 nemora
876 1449 1037 1533 lucosque,
1068 1451 1147 1514 sicut

204 1553 339 1616 Orientis
362 1552 498 1628 secretis,
514 1551 568 1615 ubi
589 1551 679 1616 thura
700 1551 899 1636 balsamaque
922 1551 1081 1629 sudantur,
1104 1553 1145 1616 ita

204 1653 382 1718 Occidentis
404 1653 513 1718 insulis
535 1654 685 1738 terrisque
707 1655 821 1730 inesse,
837 1653 1043 1732 crediderim3
1067 1675 1146 1738 quae

202 1756 296 1820 vicini
318 1755 391 1820 solis
412 1754 506 1820 radiis
529 1777 674 1838 expressa
702 1768 793 1838 atque
816 1755 964 1839 liquentia
989 1756 1021 1819 in
1047 1757 1146 1836 proxi-

202 1879 290 1922 mum
315 1879 400 1922 mare
425 1856 578 1934 labuntur,
602 1878 639 1920 ac
663 1858 694 1920 vi
719 1868 939 1938 tempestatum
963 1857 995 1920 in
1020 1855 1147 1920 adversa
1242 1924 1244 1926 ,

202 1960 303 2024 littora
317 1959 495 2042 ,erundant
547 1959 583 2022 Si
611 1972 750 2024 naturam
779 1959 897 2021 succini
925 1957 1048 2022 admoto
1078 1959 1146 2043 igne

203 2075 314 2140 tentes,
330 2063 361 2124 in
378 2060 507 2125 modum
528 2060 636 2125 taedae
658 2059 844 2136 accenditur,
861 2059 975 2150 alitque
989 2059 1147 2124 flammam

203 2164 351 2246 pinguem
379 2173 410 2223 et
439 2161 591 2224 olentem:
622 2182 694 2224 mox
721 2172 757 2223 ut
783 2160 815 2222 in
844 2162 948 2245 picem
975 2162 1146 2226 resinamve

203 2262 356 2326 lentescit.
415 2260 584 2326 Suionibus
614 2261 758 2324 Sitonum
786 2273 894 2344 gentes
924 2263 1147 2326 continuantur.

206 2363 318 2426 Cetera
347 2361 474 2438 similes,
496 2385 559 2426 uno
587 2362 741 2440 differunt,
765 2362 847 2446 quod
868 2363 983 2427 femina
1011 2363 1148 2430 domina-

203 2477 274 2528 tur:
304 2464 335 2526 in
363 2476 482 2528 tantum
509 2486 571 2528 non
597 2463 690 2528 modo
712 2485 730 2528 a
750 2464 900 2542 libertate,
924 2465 979 2529 sed
1008 2467 1102 2529 etiam
1130 2488 1145 2530 a

204 2566 349 2630 servitute
364 2565 562 2650 degenerant.

245 2665 355 2731 XLVI.
392 2668 456 2734 Hic
493 2669 627 2733 Sueviae
662 2669 743 2732 finis.
800 2667 1009 2734 Peucinorum
1045 2668 1134 2734 Vane

203 2773 373 2858 dorumque
388 2785 419 2836 et
434 2771 610 2836 Fennorum
630 2773 768 2836 nationes
792 2770 956 2836 Germanis
970 2793 1009 2835 an
1025 2772 1134 2836 Sarma

203 2876 419 2950 tisascribam,
436 2873 556 2937 dubito:
581 2895 757 2956 quanquam
772 2873 913 2952 Peucini,
930 2895 1007 2957 quos
1023 2874 1151 2958 quidam

204 2976 368 3039 Bastarnas
392 2987 509 3049 vocant,
533 2995 683 3049 sermone,
707 2973 802 3054 cultu,
827 2975 900 3040 sede
922 2997 958 3038 ac
974 2975 1149 3054 domiciliis,

204 3088 238 3139 ut
261 3074 418 3151 Germani,
441 3087 546 3158 agunt.
591 3075 705 3138 Sordes
731 3079 868 3144 onmium
890 3099 926 3141 ac
948 3093 1050 3164 torpor
1078 3101 1150 3163 pro·

189 3199 331 3243 cerum:
373 3177 533 3241 connubiis
566 3177 681 3254 mixtis,
711 3180 849 3244 nonnihil
877 3181 907 3244 in
937 3180 1149 3246 Sarmatarum

205 3281 343 3347 habitum
378 3279 539 3344 foedantur
611 3272 731 3344 Venedi
767 3265 900 3344 multum
936 3303 975 3344 er
1010 3282 1149 3346 moribus

121 3367 124 3375 ’
204 3395 367 3446 traxerunt.
411 3382 496 3448 Nam
514 3381 662 3468 quidquid
684 3383 762 3446 iuter
783 3382 939 3446 Peucinos
956 3382 1149 3469 ‚Fennosque

204 3481 350 3544 silvarum
378 3504 414 3543 ac
442 3485 594 3546 montium
623 3483 757 3566 erigitur,
788 3483 953 3548 latrociniis
981 3498 1149 3565 pererrant.

206 3581 249 3644 Hi
271 3594 373 3644 tamen
395 3583 473 3644 inter
497 3582 670 3645 Germanos
693 3585 796 3665 potius
818 3583 999 3661 referuntur,
1023 3587 1096 3668 quia
1118 3600 1149 3654 et

204 3684 310 3748 domos
350 3682 452 3765 figunt
487 3696 518 3744 et
546 3695 634 3744 scuta
670 3694 791 3762 gestant
820 3697 850 3745 et
877 3685 993 3766 pedum
1016 3707 1081 3750 ¹usu
1112 3712 1148 3756 ac
