2526 4222
9 3109 12 3116 '
91 3128 176 3188 pem.

482 327 654 372 aaaroom.
1002 314 1041 374 71

91 473 212 560 quibus
240 475 334 539 moris
364 474 470 540 illicita
497 475 609 553 mirari,
638 497 730 558 posse
754 476 847 540 etiam
873 476 931 540 sub
952 477 1043 541 malis

90 577 290 662 principibus
318 577 557 660 magnos.viros
593 598 685 640 esse:
723 576 969 662 obsequiumque
1005 599 1042 642 ac

92 676 294 752 modestiam,
322 677 349 740 si
376 676 526 742 industria
553 698 591 740 ac
617 678 705 761 rigor
736 677 846 754 adsint,
876 698 915 741 eo
942 677 1042 742 laudis

93 777 258 854 excedere,
285 799 347 862 quo
374 776 513 868 plerique
540 799 597 864 per
618 778 754 861 abrupta,
779 779 835 843 sed
863 780 895 842 in
922 778 1042 844 nullum

91 877 285 958 reipublicae
300 899 404 952 usum,
420 879 583 942 ambitiosa
596 891 694 942 morte
709 879 924 944 inclaruerunt.

136 975 252 1040 XLlll.
282 978 368 1043 Finis
396 980 477 1043 vitae
513 979 580 1064 ejus
609 980 698 1044 uobis
733 980 905 1059 luctuosus,
932 982 1042 1045 amicis

92 1079 203 1156 tristis,
228 1080 379 1143 extraneis
402 1080 496 1143 etiam
516 1080 691 1166 ignotisque
712 1102 774 1144 non
796 1081 861 1144 sine
884 1102 958 1145 cura
971 1081 1040 1146 fuit.

92 1179 221 1264 Vulgus
250 1202 372 1266 quoque
401 1194 433 1244 et
459 1180 511 1244 hic
539 1181 624 1246 aliud
644 1203 740 1266 agens
761 1182 894 1263 populus
916 1169 953 1245 et'
968 1191 1041 1246 reh-

92 1283 223 1345 titarere
238 1280 278 1344 ad
292 1280 428 1358 domurn,
445 1293 476 1346 et
489 1303 545 1364 per
558 1282 625 1346 fora
639 1295 670 1346 et
684 1283 816 1346 circulos
839 1282 934 1346 locuti
949 1295 1039 1346 sunt:

93 1405 154 1446 nec
168 1383 342 1467 quisquam·
356 1382 460 1446 audita
480 1396 578 1474 morte
593 1384 767 1468 Agricolae,
779 1396 833 1447 aut
849 1384 980 1448 laetatus
995 1397 1042 1448 est

94 1497 148 1548 aut
178 1485 283 1548 statim
309 1483 433 1548 oblitus.
473 1479 621 1569 'augebat
641 1486 871 1562 miserationem
898 1498 1041 1550 constans

93 1608 210 1663 rumor,
239 1607 359 1649 veneno
390 1588 606 1671 interceptum.
661 1586 761 1651 Nobis
789 1587 866 1652 nihil
893 1589 1038 1671 comperti

94 1687 249 1762 affirmare
279 1689 401 1752 ausim:
432 1700 570 1753 ceterum
597 1710 653 1770 per
681 1711 804 1754 omnem
832 1690 1038 1755 valetudinem

109 1789 173 1873 jus,
190 1789 329 1852 crebrius
344 1811 438 1872 quarn
460 1811 499 1852 ex
518 1811 604 1853 more
627 1791 815 1871 principatus
842 1812 897 1874 per
917 1794 1040 1856 nuntios

93 1891 235 1967 visentis,
266 1901 297 1954 et
324 1890 503 1954 libertorum
537 1892 629 1973 primi
658 1903 689 1954 et
704 1890 907 1954 medicorum
942 1892 1040 1955 intimi
1092 1885 1100 1913 ⁸

93 2013 208 2056 venere
224 2013 231 2054 :
256 1993 320 2055 sire
335 2013 409 2056 cura
424 1992 500 2056 illud
518 1993 582 2056 sive
598 1992 754 2075 inquisitio
769 2002 843 2056 erat.
889 1989 1041 2073 Supremo

93 2094 224 2176 quidem
249 2093 309 2170 die,
335 2104 491 2157 momenta
513 2093 685 2157 deficientis
709 2115 765 2175 per
785 2093 951 2175 dispositos
972 2116 1041 2158 cur·

95 2216 181 2258 sores
196 2195 337 2258 nuntiata
356 2194 525 2272 constabat,
541 2195 626 2258 nullo
646 2194 789 2258 credente
800 2195 850 2270 ,sic
865 2195 1039 2272 accelerari,

94 2317 175 2378 quae
194 2296 300 2372 ‚tristis
322 2294 450 2358 audiret.
496 2295 641 2378 Speciem
669 2308 772 2360 tamen
797 2296 909 2362 doloris
938 2298 1041 2362 auimo

93 2397 246 2481 vultuque
260 2418 332 2479 prae
348 2417 382 2460 se
397 2397 477 2473 tulit,
494 2417 622 2460 securus
637 2397 702 2482 jam
717 2398 788 2476 odii,
805 2411 836 2462 et
850 2401 903 2483 qui
917 2400 1039 2464 facilius

94 2497 304 2562 dissimularet
325 2487 487 2582 'gaudium
514 2519 608 2582 quam
635 2511 763 2564 metum.
786 2541 788 2550 ,
809 2499 892 2564 Satis
919 2514 1040 2566 consta-

93 2599 156 2676 bat,
192 2599 276 2663 lecto
297 2611 494 2678 ¹testamento
530 2592 703 2683 Agricolae,
741 2622 802 2682 qno
838 2600 1040 2665 cohaeredem

94 2705 228 2782 optimae
242 2702 331 2764 uxori
353 2712 385 2764 et
404 2702 562 2782 piissimae
577 2702 658 2766 filiae
680 2700 893 2765 Domitianum
907 2703 1039 2786 scripsit,

93 2801 241 2865 laetatum
257 2823 331 2865 eum
352 2802 437 2866 velut
457 2801 570 2866 honore
591 2803 792 2887 judicioque:
817 2815 879 2865 tam
901 2823 995 2865 caeca
1009 2815 1040 2868 et

94 2916 238 2989 corrupta
259 2925 348 2967 mens
371 2903 504 2968 assiduis
526 2904 751 2968 adulationibus
770 2915 843 2981 erat,
859 2916 893 2968 ut
907 2905 1041 2969 nesciret

93 3027 113 3068 a
126 3006 207 3068 bono
228 3018 315 3087 patra
337 3027 398 3069 non
421 3006 513 3070 scribi
533 3005 707 3082 haeredem,
723 3007 783 3071 uisi
797 3007 915 3070 malum
928 3008 1039 3092 princi-

135 3207 257 3272 XLIV.
302 3207 404 3272 Natus
433 3221 497 3273 crat
525 3210 680 3294 Agricola,
712 3211 791 3274 Caio
815 3210 951 3274 Caesare
979 3219 1048 3272 ter-'

91 3312 171 3374 tium
192 3310 329 3388 consule,
353 3310 461 3374 Idibus
483 3309 605 3374 Juniis:
632 3314 766 3375 excessit
791 3323 877 3374 sexto
900 3322 930 3373 et
951 3311 1038 3392 quin·

92 3412 275 3494 quagesimo
298 3433 387 3489 anno,
411 3412 533 3476 decimo
554 3411 713 3476 Kalendas
737 3410 939 3496 Septembris,
965 3411 1038 3474 Col-

91 3501 162 3596 lega
177 3511 348 3600 Priscoque
371 3513 560 3577 consulibus.
604 3513 699 3587 Quod
714 3515 740 3577 si
755 3513 894 3586 habitum
914 3533 1037 3595 quoque

91 3615 161 3699 ejus
176 3616 290 3694 posteri
315 3635 444 3677 noscere
465 3615 569 3692 velint,
593 3615 749 3678 decentior
763 3635 857 3698 quarn
879 3614 1038 3678 sublimior

91 3714 174 3789 iuit3
209 3715 285 3780 nihil
313 3728 416 3780 metus
445 3717 476 3779 in
491 3717 601 3793 uultu,
630 3715 726 3800 gratia
761 3717 821 3779 oris
858 3728 1035 3798 supererat·
