<?xml version="1.0" encoding="UTF-8"?>
<!DOCTYPE html PUBLIC "-//W3C//DTD XHTML 1.0 Transitional//EN"
    "http://www.w3.org/TR/xhtml1/DTD/xhtml1-transitional.dtd">
<html xmlns="http://www.w3.org/1999/xhtml" xml:lang="en" lang="en">
 <head>
  <title>
</title>
<meta http-equiv="Content-Type" content="text/html;charset=utf-8" />
  <meta name='ocr-system' content='tesseract 3.04.00' />
  <meta name='ocr-capabilities' content='ocr_page ocr_carea ocr_par ocr_line ocrx_word'/>
</head>
<body>
  <div class='ocr_page' id='page_1' title='image "./germaniaandagri00tylegoog/germaniaandagri00tylegoog_0044.png"; bbox 0 0 2552 4228; ppageno 0'>
   <div class='ocr_carea' id='block_1_1' title="bbox 489 305 1083 364">
    <p class='ocr_par' dir='ltr' id='par_1_1' title="bbox 489 305 1083 364">
     <span class='ocr_line' id='line_1_1' title="bbox 489 305 1083 364; baseline 0.015 -10"><span class='ocrx_word' id='word_1_1' title='bbox 489 311 531 354; x_wconf 83' lang='lat' dir='ltr'><strong>ns</strong></span> <span class='ocrx_word' id='word_1_2' title='bbox 555 313 731 359; x_wconf 75' lang='lat' dir='ltr'><strong>casurum.</strong></span> <span class='ocrx_word' id='word_1_3' title='bbox 1045 305 1083 364; x_wconf 83' lang='lat' dir='ltr'><strong>la</strong></span> 
     </span>
    </p>
   </div>
   <div class='ocr_carea' id='block_1_2' title="bbox 27 453 1262 3775">
    <p class='ocr_par' dir='ltr' id='par_1_2' title="bbox 137 453 1083 1344">
     <span class='ocr_line' id='line_1_2' title="bbox 142 453 1081 538; baseline -0.001 -18"><span class='ocrx_word' id='word_1_4' title='bbox 142 455 268 533; x_wconf 83' lang='lat' dir='ltr'><strong>vilitate,</strong></span> <span class='ocrx_word' id='word_1_5' title='bbox 283 475 376 538; x_wconf 91' lang='lat' dir='ltr'><strong>quam</strong></span> <span class='ocrx_word' id='word_1_6' title='bbox 390 476 469 538; x_wconf 86' lang='lat' dir='ltr'><strong>quae</strong></span> <span class='ocrx_word' id='word_1_7' title='bbox 484 453 580 518; x_wconf 91' lang='lat' dir='ltr'><strong>humo</strong></span> <span class='ocrx_word' id='word_1_8' title='bbox 594 454 767 538; x_wconf 82' lang='lat' dir='ltr'><strong>finguntur·</strong></span> <span class='ocrx_word' id='word_1_9' title='bbox 794 475 971 538; x_wconf 85' lang='lat' dir='ltr'><strong>quanquam</strong></span> <span class='ocrx_word' id='word_1_10' title='bbox 992 477 1081 537; x_wconf 86' lang='lat' dir='ltr'><strong>prox·</strong></span> 
     </span>
     <span class='ocr_line' id='line_1_3' title="bbox 142 555 1083 638; baseline 0.001 -20"><span class='ocrx_word' id='word_1_11' title='bbox 142 555 206 632; x_wconf 89' lang='lat' dir='ltr'><strong>imi,</strong></span> <span class='ocrx_word' id='word_1_12' title='bbox 226 555 274 618; x_wconf 95' lang='lat' dir='ltr'><strong>ob·</strong></span> <span class='ocrx_word' id='word_1_13' title='bbox 288 575 381 618; x_wconf 90' lang='lat' dir='ltr'><strong>usum</strong></span> <span class='ocrx_word' id='word_1_14' title='bbox 402 555 668 630; x_wconf 86' lang='lat' dir='ltr'><strong>commerciorum,</strong></span> <span class='ocrx_word' id='word_1_15' title='bbox 684 575 794 618; x_wconf 89' lang='lat' dir='ltr'><strong>aurum</strong></span> <span class='ocrx_word' id='word_1_16' title='bbox 816 566 848 617; x_wconf 88' lang='lat' dir='ltr'><strong>et</strong></span> <span class='ocrx_word' id='word_1_17' title='bbox 868 561 1028 638; x_wconf 87' lang='lat' dir='ltr'><strong>argentum</strong></span> <span class='ocrx_word' id='word_1_18' title='bbox 1051 557 1083 620; x_wconf 93' lang='lat' dir='ltr'><strong>in</strong></span> 
     </span>
     <span class='ocr_line' id='line_1_4' title="bbox 140 653 1081 739; baseline -0.002 -21"><span class='ocrx_word' id='word_1_19' title='bbox 140 657 240 739; x_wconf 90' lang='lat' dir='ltr'><strong>pretio</strong></span> <span class='ocrx_word' id='word_1_20' title='bbox 264 655 386 731; x_wconf 90' lang='lat' dir='ltr'><strong>habent,</strong></span> <span class='ocrx_word' id='word_1_21' title='bbox 413 654 590 736; x_wconf 83' lang='lat' dir='ltr'><strong>formasque</strong></span> <span class='ocrx_word' id='word_1_22' title='bbox 615 653 764 736; x_wconf 88' lang='lat' dir='ltr'><strong>quasdam</strong></span> <span class='ocrx_word' id='word_1_23' title='bbox 785 666 906 718; x_wconf 88' lang='lat' dir='ltr'><strong>nostrae</strong></span> <span class='ocrx_word' id='word_1_24' title='bbox 931 657 1081 736; x_wconf 88' lang='lat' dir='ltr'><strong>pecuniae</strong></span> 
     </span>
     <span class='ocr_line' id='line_1_5' title="bbox 139 755 1081 840; baseline 0.002 -22"><span class='ocrx_word' id='word_1_25' title='bbox 139 768 313 840; x_wconf 88' lang='lat' dir='ltr'><strong>agnoscunt</strong></span> <span class='ocrx_word' id='word_1_26' title='bbox 349 767 441 838; x_wconf 89' lang='lat' dir='ltr'><strong>atque</strong></span> <span class='ocrx_word' id='word_1_27' title='bbox 474 755 616 838; x_wconf 87' lang='lat' dir='ltr'><strong>eligunt:</strong></span> <span class='ocrx_word' id='word_1_28' title='bbox 651 756 809 820; x_wconf 87' lang='lat' dir='ltr'><strong>interiores</strong></span> <span class='ocrx_word' id='word_1_29' title='bbox 846 756 1016 838; x_wconf 85' lang='lat' dir='ltr'><strong>simplicius</strong></span> <span class='ocrx_word' id='word_1_30' title='bbox 1051 775 1081 820; x_wconf 87' lang='lat' dir='ltr'><strong>ct</strong></span> 
     </span>
     <span class='ocr_line' id='line_1_6' title="bbox 139 857 1081 940; baseline 0.003 -21"><span class='ocrx_word' id='word_1_31' title='bbox 139 858 297 940; x_wconf 87' lang='lat' dir='ltr'><strong>antiquius</strong></span> <span class='ocrx_word' id='word_1_32' title='bbox 311 857 534 939; x_wconf 80' lang='lat' dir='ltr'><strong>permutatione</strong></span> <span class='ocrx_word' id='word_1_33' title='bbox 556 857 707 919; x_wconf 87' lang='lat' dir='ltr'><strong>mercium</strong></span> <span class='ocrx_word' id='word_1_34' title='bbox 727 869 865 920; x_wconf 90' lang='lat' dir='ltr'><strong>utuntur.</strong></span> <span class='ocrx_word' id='word_1_35' title='bbox 909 857 1081 922; x_wconf 81' lang='lat' dir='ltr'><strong>Pecuniam</strong></span> 
     </span>
     <span class='ocr_line' id='line_1_7' title="bbox 138 955 1079 1042; baseline -0.002 -18"><span class='ocrx_word' id='word_1_36' title='bbox 138 957 269 1024; x_wconf 85' lang='lat' dir='ltr'><strong>orobant</strong></span> <span class='ocrx_word' id='word_1_37' title='bbox 293 969 430 1022; x_wconf 84' lang='lat' dir='ltr'><strong>veterem</strong></span> <span class='ocrx_word' id='word_1_38' title='bbox 455 968 487 1020; x_wconf 89' lang='lat' dir='ltr'><strong>et</strong></span> <span class='ocrx_word' id='word_1_39' title='bbox 509 955 563 1020; x_wconf 90' lang='lat' dir='ltr'><strong>diu</strong></span> <span class='ocrx_word' id='word_1_40' title='bbox 587 969 702 1033; x_wconf 90' lang='lat' dir='ltr'><strong>notam,</strong></span> <span class='ocrx_word' id='word_1_41' title='bbox 729 971 860 1021; x_wconf 88' lang='lat' dir='ltr'><strong>serratos</strong></span> <span class='ocrx_word' id='word_1_42' title='bbox 885 958 1079 1042; x_wconf 76' lang='lat' dir='ltr'><strong>bigatosque.</strong></span> 
     </span>
     <span class='ocr_line' id='line_1_8' title="bbox 141 1058 1079 1144; baseline -0.001 -21"><span class='ocrx_word' id='word_1_43' title='bbox 141 1060 314 1144; x_wconf 75' lang='lat' dir='ltr'><strong>Argentum</strong></span> <span class='ocrx_word' id='word_1_44' title='bbox 351 1079 484 1143; x_wconf 89' lang='lat' dir='ltr'><strong>quoque,</strong></span> <span class='ocrx_word' id='word_1_45' title='bbox 510 1058 611 1142; x_wconf 91' lang='lat' dir='ltr'><strong>magis</strong></span> <span class='ocrx_word' id='word_1_46' title='bbox 640 1079 734 1141; x_wconf 92' lang='lat' dir='ltr'><strong>quam</strong></span> <span class='ocrx_word' id='word_1_47' title='bbox 762 1079 872 1123; x_wconf 86' lang='lat' dir='ltr'><strong>aurum</strong></span> <span class='ocrx_word' id='word_1_48' title='bbox 901 1073 1079 1142; x_wconf 88' lang='lat' dir='ltr'><strong>sequuntur,</strong></span> 
     </span>
     <span class='ocr_line' id='line_1_9' title="bbox 137 1159 1080 1244; baseline 0 -19"><span class='ocrx_word' id='word_1_49' title='bbox 137 1162 224 1225; x_wconf 91' lang='lat' dir='ltr'><strong>nulla</strong></span> <span class='ocrx_word' id='word_1_50' title='bbox 239 1162 400 1225; x_wconf 87' lang='lat' dir='ltr'><strong>affectione</strong></span> <span class='ocrx_word' id='word_1_51' title='bbox 416 1161 521 1237; x_wconf 92' lang='lat' dir='ltr'><strong>animi,</strong></span> <span class='ocrx_word' id='word_1_52' title='bbox 538 1159 595 1223; x_wconf 91' lang='lat' dir='ltr'><strong>sed</strong></span> <span class='ocrx_word' id='word_1_53' title='bbox 608 1181 682 1243; x_wconf 79' lang='lat' dir='ltr'><strong>quia</strong></span> <span class='ocrx_word' id='word_1_54' title='bbox 698 1181 845 1223; x_wconf 88' lang='lat' dir='ltr'><strong>numerus</strong></span> <span class='ocrx_word' id='word_1_55' title='bbox 867 1173 1080 1244; x_wconf 85' lang='lat' dir='ltr'><strong>argenteorum</strong></span> 
     </span>
     <span class='ocr_line' id='line_1_10' title="bbox 138 1260 960 1344; baseline 0 -18"><span class='ocrx_word' id='word_1_56' title='bbox 138 1262 258 1326; x_wconf 85' lang='lat' dir='ltr'><strong>facilior</strong></span> <span class='ocrx_word' id='word_1_57' title='bbox 269 1264 340 1326; x_wconf 90' lang='lat' dir='ltr'><strong>usui</strong></span> <span class='ocrx_word' id='word_1_58' title='bbox 356 1273 403 1326; x_wconf 89' lang='lat' dir='ltr'><strong>est</strong></span> <span class='ocrx_word' id='word_1_59' title='bbox 415 1262 592 1344; x_wconf 88' lang='lat' dir='ltr'><strong>promiscua</strong></span> <span class='ocrx_word' id='word_1_60' title='bbox 607 1281 644 1323; x_wconf 91' lang='lat' dir='ltr'><strong>ac</strong></span> <span class='ocrx_word' id='word_1_61' title='bbox 657 1260 730 1323; x_wconf 83' lang='lat' dir='ltr'><strong>vilia</strong></span> <span class='ocrx_word' id='word_1_62' title='bbox 742 1261 960 1326; x_wconf 86' lang='lat' dir='ltr'><strong>mercantibus.</strong></span> 
     </span>
    </p>

    <p class='ocr_par' dir='ltr' id='par_1_3' title="bbox 135 1361 1262 3673">
     <span class='ocr_line' id='line_1_11' title="bbox 181 1361 1228 1452; baseline 0.001 -26"><span class='ocrx_word' id='word_1_63' title='bbox 181 1363 238 1428; x_wconf 92' lang='lat' dir='ltr'><strong>VI.</strong></span> <span class='ocrx_word' id='word_1_64' title='bbox 262 1363 313 1427; x_wconf 89' lang='lat' dir='ltr'><strong>Ne</strong></span> <span class='ocrx_word' id='word_1_65' title='bbox 338 1363 454 1427; x_wconf 83' lang='lat' dir='ltr'><strong>ferrum</strong></span> <span class='ocrx_word' id='word_1_66' title='bbox 475 1361 602 1445; x_wconf 87' lang='lat' dir='ltr'><strong>quidem</strong></span> <span class='ocrx_word' id='word_1_67' title='bbox 626 1373 776 1442; x_wconf 86' lang='lat' dir='ltr'><strong>superest,</strong></span> <span class='ocrx_word' id='word_1_68' title='bbox 804 1363 885 1426; x_wconf 90' lang='lat' dir='ltr'><strong>sicut</strong></span> <span class='ocrx_word' id='word_1_69' title='bbox 907 1384 1078 1448; x_wconf 85' lang='lat' dir='ltr'><strong>exgenere</strong></span> <span class='ocrx_word' id='word_1_70' title='bbox 1115 1395 1197 1452; x_wconf 45' lang='grc' dir='ltr'><strong>(χω,</strong></span> <span class='ocrx_word' id='word_1_71' title='bbox 1208 1415 1228 1448; x_wconf 76' lang='lat' dir='ltr'><strong>e</strong></span> 
     </span>
     <span class='ocr_line' id='line_1_12' title="bbox 139 1463 1178 1549; baseline 0.002 -21"><span class='ocrx_word' id='word_1_72' title='bbox 139 1466 272 1529; x_wconf 88' lang='lat' dir='ltr'><strong>telorum</strong></span> <span class='ocrx_word' id='word_1_73' title='bbox 286 1464 448 1549; x_wconf 89' lang='lat' dir='ltr'><strong>colligitur.</strong></span> <span class='ocrx_word' id='word_1_74' title='bbox 493 1463 570 1528; x_wconf 85' lang='lat' dir='ltr'><strong>Rari</strong></span> <span class='ocrx_word' id='word_1_75' title='bbox 584 1463 695 1548; x_wconf 90' lang='lat' dir='ltr'><strong>gladiis</strong></span> <span class='ocrx_word' id='word_1_76' title='bbox 709 1475 763 1528; x_wconf 86' lang='lat' dir='ltr'><strong>aut</strong></span> <span class='ocrx_word' id='word_1_77' title='bbox 776 1463 943 1549; x_wconf 87' lang='lat' dir='ltr'><strong>majoribus</strong></span> <span class='ocrx_word' id='word_1_78' title='bbox 965 1466 1080 1530; x_wconf 87' lang='lat' dir='ltr'><strong>lanceis</strong></span> <span class='ocrx_word' id='word_1_79' title='bbox 1155 1473 1178 1544; x_wconf 77' lang='lat' dir='ltr'><strong>‘l</strong></span> 
     </span>
     <span class='ocr_line' id='line_1_13' title="bbox 139 1537 1262 1653; baseline 0.002 -23"><span class='ocrx_word' id='word_1_80' title='bbox 139 1579 287 1630; x_wconf 85' lang='lat' dir='ltr'><strong>utuntur:</strong></span> <span class='ocrx_word' id='word_1_81' title='bbox 317 1566 431 1642; x_wconf 89' lang='lat' dir='ltr'><strong>hastas,</strong></span> <span class='ocrx_word' id='word_1_82' title='bbox 454 1566 506 1629; x_wconf 83' lang='lat' dir='ltr'><strong>vel</strong></span> <span class='ocrx_word' id='word_1_83' title='bbox 528 1567 666 1647; x_wconf 89' lang='lat' dir='ltr'><strong>ipsorum</strong></span> <span class='ocrx_word' id='word_1_84' title='bbox 690 1564 841 1630; x_wconf 87' lang='lat' dir='ltr'><strong>vocabulo</strong></span> <span class='ocrx_word' id='word_1_85' title='bbox 869 1566 1002 1631; x_wconf 89' lang='lat' dir='ltr'><strong>frameas</strong></span> <span class='ocrx_word' id='word_1_86' title='bbox 1026 1590 1080 1653; x_wconf 89' lang='lat' dir='ltr'><strong>ge·</strong></span> <span class='ocrx_word' id='word_1_87' title='bbox 1107 1537 1262 1598; x_wconf 41' lang='lat' dir='ltr'><strong>mmm</strong></span> 
     </span>
     <span class='ocr_line' id='line_1_14' title="bbox 137 1667 1081 1752; baseline 0.003 -22"><span class='ocrx_word' id='word_1_88' title='bbox 137 1680 217 1743; x_wconf 91' lang='lat' dir='ltr'><strong>runt,</strong></span> <span class='ocrx_word' id='word_1_89' title='bbox 234 1679 366 1752; x_wconf 89' lang='lat' dir='ltr'><strong>angusto</strong></span> <span class='ocrx_word' id='word_1_90' title='bbox 390 1679 422 1730; x_wconf 89' lang='lat' dir='ltr'><strong>et</strong></span> <span class='ocrx_word' id='word_1_91' title='bbox 440 1667 526 1730; x_wconf 88' lang='lat' dir='ltr'><strong>brevi</strong></span> <span class='ocrx_word' id='word_1_92' title='bbox 549 1667 629 1730; x_wconf 81' lang='lat' dir='ltr'><strong>ferro</strong></span> <span class='ocrx_word' id='word_1_93' title='bbox 652 1668 707 1730; x_wconf 80' lang='lat' dir='ltr'><strong>sed</strong></span> <span class='ocrx_word' id='word_1_94' title='bbox 733 1668 776 1731; x_wconf 89' lang='lat' dir='ltr'><strong>ita</strong></span> <span class='ocrx_word' id='word_1_95' title='bbox 797 1668 860 1732; x_wconf 91' lang='lat' dir='ltr'><strong>acri</strong></span> <span class='ocrx_word' id='word_1_96' title='bbox 875 1679 906 1732; x_wconf 86' lang='lat' dir='ltr'><strong>et</strong></span> <span class='ocrx_word' id='word_1_97' title='bbox 927 1669 966 1732; x_wconf 90' lang='lat' dir='ltr'><strong>ad</strong></span> <span class='ocrx_word' id='word_1_98' title='bbox 986 1691 1081 1734; x_wconf 89' lang='lat' dir='ltr'><strong>usum</strong></span> 
     </span>
     <span class='ocr_line' id='line_1_15' title="bbox 137 1768 1079 1854; baseline 0.003 -22"><span class='ocrx_word' id='word_1_99' title='bbox 137 1769 243 1846; x_wconf 91' lang='lat' dir='ltr'><strong>habili,</strong></span> <span class='ocrx_word' id='word_1_100' title='bbox 261 1782 297 1832; x_wconf 91' lang='lat' dir='ltr'><strong>ut</strong></span> <span class='ocrx_word' id='word_1_101' title='bbox 318 1768 429 1832; x_wconf 87' lang='lat' dir='ltr'><strong>eodem</strong></span> <span class='ocrx_word' id='word_1_102' title='bbox 449 1768 520 1845; x_wconf 87' lang='lat' dir='ltr'><strong>telo,</strong></span> <span class='ocrx_word' id='word_1_103' title='bbox 535 1781 627 1851; x_wconf 89' lang='lat' dir='ltr'><strong>prout</strong></span> <span class='ocrx_word' id='word_1_104' title='bbox 646 1770 724 1832; x_wconf 90' lang='lat' dir='ltr'><strong>ratio</strong></span> <span class='ocrx_word' id='word_1_105' title='bbox 745 1770 920 1854; x_wconf 87' lang='lat' dir='ltr'><strong>poscit,ch</strong></span> <span class='ocrx_word' id='word_1_106' title='bbox 939 1773 1079 1835; x_wconf 91' lang='lat' dir='ltr'><strong>cominus</strong></span> 
     </span>
     <span class='ocr_line' id='line_1_16' title="bbox 136 1869 1080 1954; baseline 0.001 -20"><span class='ocrx_word' id='word_1_107' title='bbox 136 1871 188 1935; x_wconf 84' lang='lat' dir='ltr'><strong>vel</strong></span> <span class='ocrx_word' id='word_1_108' title='bbox 216 1871 339 1934; x_wconf 90' lang='lat' dir='ltr'><strong>eminus</strong></span> <span class='ocrx_word' id='word_1_109' title='bbox 366 1881 528 1954; x_wconf 83' lang='lat' dir='ltr'><strong>pugnent:</strong></span> <span class='ocrx_word' id='word_1_110' title='bbox 565 1882 596 1932; x_wconf 89' lang='lat' dir='ltr'><strong>et</strong></span> <span class='ocrx_word' id='word_1_111' title='bbox 624 1890 721 1953; x_wconf 87' lang='lat' dir='ltr'><strong>eques</strong></span> <span class='ocrx_word' id='word_1_112' title='bbox 750 1869 877 1952; x_wconf 90' lang='lat' dir='ltr'><strong>quidem</strong></span> <span class='ocrx_word' id='word_1_113' title='bbox 905 1883 993 1933; x_wconf 85' lang='lat' dir='ltr'><strong>scuto</strong></span> <span class='ocrx_word' id='word_1_114' title='bbox 1020 1873 1080 1935; x_wconf 88' lang='lat' dir='ltr'><strong>fra·</strong></span> 
     </span>
     <span class='ocr_line' id='line_1_17' title="bbox 137 1969 1078 2056; baseline 0 -20"><span class='ocrx_word' id='word_1_115' title='bbox 137 1995 270 2056; x_wconf 89' lang='lat' dir='ltr'><strong>meaque</strong></span> <span class='ocrx_word' id='word_1_116' title='bbox 296 1984 456 2036; x_wconf 87' lang='lat' dir='ltr'><strong>contentus</strong></span> <span class='ocrx_word' id='word_1_117' title='bbox 483 1984 552 2034; x_wconf 88' lang='lat' dir='ltr'><strong>est:</strong></span> <span class='ocrx_word' id='word_1_118' title='bbox 576 1969 696 2052; x_wconf 88' lang='lat' dir='ltr'><strong>pedites</strong></span> <span class='ocrx_word' id='word_1_119' title='bbox 719 1981 750 2035; x_wconf 87' lang='lat' dir='ltr'><strong>et</strong></span> <span class='ocrx_word' id='word_1_120' title='bbox 770 1970 901 2033; x_wconf 90' lang='lat' dir='ltr'><strong>missilia</strong></span> <span class='ocrx_word' id='word_1_121' title='bbox 923 1987 1078 2056; x_wconf 89' lang='lat' dir='ltr'><strong>spargunt,</strong></span> 
     </span>
     <span class='ocr_line' id='line_1_18' title="bbox 136 2072 1080 2158; baseline 0.001 -20"><span class='ocrx_word' id='word_1_122' title='bbox 136 2075 226 2156; x_wconf 89' lang='lat' dir='ltr'><strong>plura</strong></span> <span class='ocrx_word' id='word_1_123' title='bbox 252 2074 374 2158; x_wconf 87' lang='lat' dir='ltr'><strong>singuli,</strong></span> <span class='ocrx_word' id='word_1_124' title='bbox 401 2085 493 2156; x_wconf 89' lang='lat' dir='ltr'><strong>atque</strong></span> <span class='ocrx_word' id='word_1_125' title='bbox 516 2074 549 2138; x_wconf 87' lang='lat' dir='ltr'><strong>in</strong></span> <span class='ocrx_word' id='word_1_126' title='bbox 571 2073 759 2136; x_wconf 89' lang='lat' dir='ltr'><strong>immensum</strong></span> <span class='ocrx_word' id='word_1_127' title='bbox 779 2072 908 2150; x_wconf 84' lang='lat' dir='ltr'><strong>vibrant,</strong></span> <span class='ocrx_word' id='word_1_128' title='bbox 931 2073 1006 2137; x_wconf 91' lang='lat' dir='ltr'><strong>nudi</strong></span> <span class='ocrx_word' id='word_1_129' title='bbox 1027 2088 1080 2139; x_wconf 90' lang='lat' dir='ltr'><strong>aut</strong></span> 
     </span>
     <span class='ocr_line' id='line_1_19' title="bbox 137 2173 1149 2260; baseline 0 -20"><span class='ocrx_word' id='word_1_130' title='bbox 137 2176 249 2260; x_wconf 92' lang='lat' dir='ltr'><strong>sagulo</strong></span> <span class='ocrx_word' id='word_1_131' title='bbox 273 2175 369 2239; x_wconf 88' lang='lat' dir='ltr'><strong>leves.</strong></span> <span class='ocrx_word' id='word_1_132' title='bbox 413 2173 509 2238; x_wconf 88' lang='lat' dir='ltr'><strong>Nulla</strong></span> <span class='ocrx_word' id='word_1_133' title='bbox 543 2175 646 2238; x_wconf 90' lang='lat' dir='ltr'><strong>cultus</strong></span> <span class='ocrx_word' id='word_1_134' title='bbox 668 2174 815 2258; x_wconf 89' lang='lat' dir='ltr'><strong>jactatio;</strong></span> <span class='ocrx_word' id='word_1_135' title='bbox 848 2187 936 2239; x_wconf 90' lang='lat' dir='ltr'><strong>scuta</strong></span> <span class='ocrx_word' id='word_1_136' title='bbox 961 2187 1079 2240; x_wconf 91' lang='lat' dir='ltr'><strong>tantum</strong></span> <span class='ocrx_word' id='word_1_137' title='bbox 1145 2173 1149 2181; x_wconf 86' lang='grc'><strong>’</strong></span> 
     </span>
     <span class='ocr_line' id='line_1_20' title="bbox 136 2275 1079 2360; baseline 0.001 -18"><span class='ocrx_word' id='word_1_138' title='bbox 136 2278 316 2342; x_wconf 88' lang='lat' dir='ltr'><strong>lectissimis</strong></span> <span class='ocrx_word' id='word_1_139' title='bbox 335 2277 488 2340; x_wconf 91' lang='lat' dir='ltr'><strong>coloribus</strong></span> <span class='ocrx_word' id='word_1_140' title='bbox 509 2275 721 2360; x_wconf 89' lang='lat' dir='ltr'><strong>distinguunt:</strong></span> <span class='ocrx_word' id='word_1_141' title='bbox 744 2277 852 2358; x_wconf 90' lang='lat' dir='ltr'><strong>paucis</strong></span> <span class='ocrx_word' id='word_1_142' title='bbox 875 2277 1005 2342; x_wconf 87' lang='lat' dir='ltr'><strong>loricae:</strong></span> <span class='ocrx_word' id='word_1_143' title='bbox 1027 2279 1079 2343; x_wconf 83' lang='lat' dir='ltr'><strong>vix</strong></span> 
     </span>
     <span class='ocr_line' id='line_1_21' title="bbox 136 2375 1228 2462; baseline 0 -20"><span class='ocrx_word' id='word_1_144' title='bbox 136 2381 190 2442; x_wconf 92' lang='lat' dir='ltr'><strong>uni</strong></span> <span class='ocrx_word' id='word_1_145' title='bbox 214 2379 340 2442; x_wconf 84' lang='lat' dir='ltr'><strong>alterive</strong></span> <span class='ocrx_word' id='word_1_146' title='bbox 363 2377 461 2441; x_wconf 90' lang='lat' dir='ltr'><strong>cassis</strong></span> <span class='ocrx_word' id='word_1_147' title='bbox 483 2388 537 2440; x_wconf 87' lang='lat' dir='ltr'><strong>aut</strong></span> <span class='ocrx_word' id='word_1_148' title='bbox 558 2377 657 2460; x_wconf 86' lang='lat' dir='ltr'><strong>galea.</strong></span> <span class='ocrx_word' id='word_1_149' title='bbox 701 2375 786 2461; x_wconf 92' lang='lat' dir='ltr'><strong>Equi</strong></span> <span class='ocrx_word' id='word_1_150' title='bbox 807 2399 866 2441; x_wconf 91' lang='lat' dir='ltr'><strong>non</strong></span> <span class='ocrx_word' id='word_1_151' title='bbox 889 2377 1079 2456; x_wconf 89' lang='lat' dir='ltr'><strong>forma,·non</strong></span> <span class='ocrx_word' id='word_1_152' title='bbox 1093 2399 1187 2462; x_wconf 51' lang='lat' dir='ltr'><strong>sm:</strong></span> <span class='ocrx_word' id='word_1_153' title='bbox 1214 2431 1228 2449; x_wconf 79' lang='grc'><strong>.,</strong></span> 
     </span>
     <span class='ocr_line' id='line_1_22' title="bbox 136 2471 1225 2564; baseline 0 -20"><span class='ocrx_word' id='word_1_154' title='bbox 136 2481 300 2550; x_wconf 84' lang='lat' dir='ltr'><strong>velocitate</strong></span> <span class='ocrx_word' id='word_1_155' title='bbox 315 2478 498 2564; x_wconf 55' lang='lat' dir='ltr'><strong>conspicui:</strong></span> <span class='ocrx_word' id='word_1_156' title='bbox 522 2478 578 2542; x_wconf 87' lang='lat' dir='ltr'><strong>sed</strong></span> <span class='ocrx_word' id='word_1_157' title='bbox 591 2499 650 2542; x_wconf 89' lang='lat' dir='ltr'><strong>nec</strong></span> <span class='ocrx_word' id='word_1_158' title='bbox 664 2479 780 2542; x_wconf 85' lang='lat' dir='ltr'><strong>variare</strong></span> <span class='ocrx_word' id='word_1_159' title='bbox 802 2501 893 2564; x_wconf 90' lang='lat' dir='ltr'><strong>gyros</strong></span> <span class='ocrx_word' id='word_1_160' title='bbox 907 2482 940 2545; x_wconf 91' lang='lat' dir='ltr'><strong>in</strong></span> <span class='ocrx_word' id='word_1_161' title='bbox 959 2503 1079 2547; x_wconf 87' lang='lat' dir='ltr'><strong>morem</strong></span> <span class='ocrx_word' id='word_1_162' title='bbox 1104 2471 1122 2478; x_wconf 85' lang='lat'><strong>..</strong></span> <span class='ocrx_word' id='word_1_163' title='bbox 1214 2471 1225 2480; x_wconf 67' lang='grc'>’</span> 
     </span>
     <span class='ocr_line' id='line_1_23' title="bbox 137 2578 1078 2656; baseline 0.001 -13"><span class='ocrx_word' id='word_1_164' title='bbox 137 2593 277 2644; x_wconf 82' lang='lat' dir='ltr'><strong>nostrum</strong></span> <span class='ocrx_word' id='word_1_165' title='bbox 291 2579 449 2643; x_wconf 86' lang='lat' dir='ltr'><strong>docentur.</strong></span> <span class='ocrx_word' id='word_1_166' title='bbox 494 2578 533 2643; x_wconf 83' lang='lat' dir='ltr'><strong>ln</strong></span> <span class='ocrx_word' id='word_1_167' title='bbox 546 2589 676 2656; x_wconf 87' lang='lat' dir='ltr'><strong>rectum,</strong></span> <span class='ocrx_word' id='word_1_168' title='bbox 692 2591 745 2641; x_wconf 91' lang='lat' dir='ltr'><strong>aut</strong></span> <span class='ocrx_word' id='word_1_169' title='bbox 766 2601 830 2642; x_wconf 90' lang='lat' dir='ltr'><strong>uno</strong></span> <span class='ocrx_word' id='word_1_170' title='bbox 852 2579 935 2643; x_wconf 87' lang='lat' dir='ltr'><strong>flexu</strong></span> <span class='ocrx_word' id='word_1_171' title='bbox 957 2581 1078 2644; x_wconf 86' lang='lat' dir='ltr'><strong>dextros</strong></span> 
     </span>
     <span class='ocr_line' id='line_1_24' title="bbox 136 2680 1077 2766; baseline 0 -21"><span class='ocrx_word' id='word_1_172' title='bbox 136 2693 234 2766; x_wconf 75' lang='lat' dir='ltr'><strong>agunt</strong></span> <span class='ocrx_word' id='word_1_173' title='bbox 257 2683 299 2744; x_wconf 87' lang='lat' dir='ltr'><strong>ita</strong></span> <span class='ocrx_word' id='word_1_174' title='bbox 323 2680 486 2764; x_wconf 89' lang='lat' dir='ltr'><strong>conjuncto</strong></span> <span class='ocrx_word' id='word_1_175' title='bbox 509 2681 591 2757; x_wconf 88' lang='lat' dir='ltr'><strong>orbe,</strong></span> <span class='ocrx_word' id='word_1_176' title='bbox 607 2693 642 2744; x_wconf 91' lang='lat' dir='ltr'><strong>ut</strong></span> <span class='ocrx_word' id='word_1_177' title='bbox 665 2701 757 2743; x_wconf 88' lang='lat' dir='ltr'><strong>nemo</strong></span> <span class='ocrx_word' id='word_1_178' title='bbox 777 2681 927 2761; x_wconf 90' lang='lat' dir='ltr'><strong>posterior</strong></span> <span class='ocrx_word' id='word_1_179' title='bbox 949 2683 997 2745; x_wconf 91' lang='lat' dir='ltr'><strong>sit.</strong></span> <span class='ocrx_word' id='word_1_180' title='bbox 1041 2682 1077 2745; x_wconf 91' lang='lat' dir='ltr'><strong>In</strong></span> 
     </span>
     <span class='ocr_line' id='line_1_25' title="bbox 137 2777 1218 2864; baseline -0.004 -19"><span class='ocrx_word' id='word_1_181' title='bbox 137 2784 320 2846; x_wconf 89' lang='lat' dir='ltr'><strong>universum</strong></span> <span class='ocrx_word' id='word_1_182' title='bbox 344 2781 527 2858; x_wconf 87' lang='lat' dir='ltr'><strong>aestimanti,</strong></span> <span class='ocrx_word' id='word_1_183' title='bbox 551 2780 622 2862; x_wconf 89' lang='lat' dir='ltr'><strong>plus</strong></span> <span class='ocrx_word' id='word_1_184' title='bbox 650 2801 747 2864; x_wconf 88' lang='lat' dir='ltr'><strong>penes</strong></span> <span class='ocrx_word' id='word_1_185' title='bbox 775 2777 911 2861; x_wconf 88' lang='lat' dir='ltr'><strong>peditem</strong></span> <span class='ocrx_word' id='word_1_186' title='bbox 938 2780 1077 2844; x_wconf 89' lang='lat' dir='ltr'><strong>roboris:</strong></span> <span class='ocrx_word' id='word_1_187' title='bbox 1093 2781 1154 2846; x_wconf 68' lang='lat' dir='ltr'><strong>et.</strong></span> <span class='ocrx_word' id='word_1_188' title='bbox 1169 2781 1218 2830; x_wconf 53' lang='grc' dir='ltr'><strong>«Μ</strong></span> 
     </span>
     <span class='ocr_line' id='line_1_26' title="bbox 137 2880 1079 2968; baseline 0 -21"><span class='ocrx_word' id='word_1_189' title='bbox 137 2905 238 2968; x_wconf 88' lang='lat' dir='ltr'><strong>eoque</strong></span> <span class='ocrx_word' id='word_1_190' title='bbox 253 2883 342 2947; x_wconf 84' lang='lat' dir='ltr'><strong>mixti</strong></span> <span class='ocrx_word' id='word_1_191' title='bbox 359 2882 554 2964; x_wconf 87' lang='lat' dir='ltr'><strong>proeliantur,</strong></span> <span class='ocrx_word' id='word_1_192' title='bbox 571 2893 641 2964; x_wconf 89' lang='lat' dir='ltr'><strong>apta</strong></span> <span class='ocrx_word' id='word_1_193' title='bbox 662 2893 694 2945; x_wconf 89' lang='lat' dir='ltr'><strong>et</strong></span> <span class='ocrx_word' id='word_1_194' title='bbox 707 2893 893 2967; x_wconf 87' lang='lat' dir='ltr'><strong>congruente</strong></span> <span class='ocrx_word' id='word_1_195' title='bbox 915 2880 955 2946; x_wconf 91' lang='lat' dir='ltr'><strong>ad</strong></span> <span class='ocrx_word' id='word_1_196' title='bbox 969 2903 1079 2966; x_wconf 87' lang='lat' dir='ltr'><strong>eques-</strong></span> 
     </span>
     <span class='ocr_line' id='line_1_27' title="bbox 138 2975 1079 3069; baseline 0.001 -19"><span class='ocrx_word' id='word_1_197' title='bbox 138 2999 217 3050; x_wconf 84' lang='lat' dir='ltr'><strong>trem</strong></span> <span class='ocrx_word' id='word_1_198' title='bbox 230 3005 368 3069; x_wconf 86' lang='lat' dir='ltr'><strong>pugnam</strong></span> <span class='ocrx_word' id='word_1_199' title='bbox 381 2983 543 3048; x_wconf 84' lang='lat' dir='ltr'><strong>velocitate</strong></span> <span class='ocrx_word' id='word_1_200' title='bbox 557 2975 706 3066; x_wconf 89' lang='lat' dir='ltr'><strong>peditum,</strong></span> <span class='ocrx_word' id='word_1_201' title='bbox 722 3005 801 3067; x_wconf 91' lang='lat' dir='ltr'><strong>quos</strong></span> <span class='ocrx_word' id='word_1_202' title='bbox 816 3005 855 3047; x_wconf 87' lang='lat' dir='ltr'><strong>ex</strong></span> <span class='ocrx_word' id='word_1_203' title='bbox 869 2985 952 3048; x_wconf 92' lang='lat' dir='ltr'><strong>omni</strong></span> <span class='ocrx_word' id='word_1_204' title='bbox 970 2984 1079 3069; x_wconf 88' lang='lat' dir='ltr'><strong>juven·</strong></span> 
     </span>
     <span class='ocr_line' id='line_1_28' title="bbox 139 3085 1079 3151; baseline -0.001 0"><span class='ocrx_word' id='word_1_205' title='bbox 139 3100 203 3151; x_wconf 89' lang='lat' dir='ltr'><strong>tute</strong></span> <span class='ocrx_word' id='word_1_206' title='bbox 218 3086 356 3150; x_wconf 86' lang='lat' dir='ltr'><strong>delectos</strong></span> <span class='ocrx_word' id='word_1_207' title='bbox 378 3097 448 3148; x_wconf 89' lang='lat' dir='ltr'><strong>ante</strong></span> <span class='ocrx_word' id='word_1_208' title='bbox 470 3086 569 3149; x_wconf 90' lang='lat' dir='ltr'><strong>aciem</strong></span> <span class='ocrx_word' id='word_1_209' title='bbox 590 3085 700 3150; x_wconf 87' lang='lat' dir='ltr'><strong>locant.</strong></span> <span class='ocrx_word' id='word_1_210' title='bbox 745 3085 898 3150; x_wconf 88' lang='lat' dir='ltr'><strong>Definitur</strong></span> <span class='ocrx_word' id='word_1_211' title='bbox 920 3098 951 3151; x_wconf 87' lang='lat' dir='ltr'><strong>et</strong></span> <span class='ocrx_word' id='word_1_212' title='bbox 971 3109 1079 3151; x_wconf 90' lang='lat' dir='ltr'><strong>nume-</strong></span> 
     </span>
     <span class='ocr_line' id='line_1_29' title="bbox 136 3186 1079 3270; baseline -0.002 -18"><span class='ocrx_word' id='word_1_213' title='bbox 136 3210 212 3253; x_wconf 87' lang='lat' dir='ltr'><strong>rus:</strong></span> <span class='ocrx_word' id='word_1_214' title='bbox 243 3187 365 3250; x_wconf 87' lang='lat' dir='ltr'><strong>centeni</strong></span> <span class='ocrx_word' id='word_1_215' title='bbox 394 3208 433 3249; x_wconf 82' lang='lat' dir='ltr'><strong>ex</strong></span> <span class='ocrx_word' id='word_1_216' title='bbox 462 3186 591 3270; x_wconf 87' lang='lat' dir='ltr'><strong>singulis</strong></span> <span class='ocrx_word' id='word_1_217' title='bbox 619 3189 708 3270; x_wconf 84' lang='lat' dir='ltr'><strong>pagis</strong></span> <span class='ocrx_word' id='word_1_218' title='bbox 737 3199 832 3250; x_wconf 88' lang='lat' dir='ltr'><strong>sunt:</strong></span> <span class='ocrx_word' id='word_1_219' title='bbox 861 3187 954 3270; x_wconf 87' lang='lat' dir='ltr'><strong>idque</strong></span> <span class='ocrx_word' id='word_1_220' title='bbox 976 3189 1079 3267; x_wconf 90' lang='lat' dir='ltr'><strong>ipsum</strong></span> 
     </span>
     <span class='ocr_line' id='line_1_30' title="bbox 136 3286 1078 3374; baseline -0.002 -21"><span class='ocrx_word' id='word_1_221' title='bbox 136 3294 216 3353; x_wconf 90' lang='lat' dir='ltr'><strong>inter</strong></span> <span class='ocrx_word' id='word_1_222' title='bbox 231 3309 305 3374; x_wconf 83' lang='lat' dir='ltr'><strong>suos</strong></span> <span class='ocrx_word' id='word_1_223' title='bbox 320 3299 486 3364; x_wconf 82' lang='lat' dir='ltr'><strong>vocantur3</strong></span> <span class='ocrx_word' id='word_1_224' title='bbox 511 3299 542 3350; x_wconf 87' lang='lat' dir='ltr'><strong>ct</strong></span> <span class='ocrx_word' id='word_1_225' title='bbox 555 3287 638 3370; x_wconf 90' lang='lat' dir='ltr'><strong>quod</strong></span> <span class='ocrx_word' id='word_1_226' title='bbox 651 3287 751 3368; x_wconf 91' lang='lat' dir='ltr'><strong>primo</strong></span> <span class='ocrx_word' id='word_1_227' title='bbox 772 3307 920 3349; x_wconf 87' lang='lat' dir='ltr'><strong>numerus</strong></span> <span class='ocrx_word' id='word_1_228' title='bbox 934 3286 1001 3361; x_wconf 87' lang='lat' dir='ltr'><strong>fuit,</strong></span> <span class='ocrx_word' id='word_1_229' title='bbox 1014 3286 1078 3370; x_wconf 87' lang='lat' dir='ltr'><strong>jam</strong></span> 
     </span>
     <span class='ocr_line' id='line_1_31' title="bbox 135 3389 1262 3475; baseline -0.002 -20"><span class='ocrx_word' id='word_1_230' title='bbox 135 3413 250 3456; x_wconf 89' lang='lat' dir='ltr'><strong>nomen</strong></span> <span class='ocrx_word' id='word_1_231' title='bbox 276 3402 308 3453; x_wconf 87' lang='lat' dir='ltr'><strong>et</strong></span> <span class='ocrx_word' id='word_1_232' title='bbox 327 3389 423 3452; x_wconf 91' lang='lat' dir='ltr'><strong>honor</strong></span> <span class='ocrx_word' id='word_1_233' title='bbox 446 3401 503 3452; x_wconf 91' lang='lat' dir='ltr'><strong>est.</strong></span> <span class='ocrx_word' id='word_1_234' title='bbox 546 3389 642 3451; x_wconf 87' lang='lat' dir='ltr'><strong>Acies</strong></span> <span class='ocrx_word' id='word_1_235' title='bbox 663 3408 719 3471; x_wconf 87' lang='lat' dir='ltr'><strong>per</strong></span> <span class='ocrx_word' id='word_1_236' title='bbox 740 3407 855 3448; x_wconf 87' lang='lat' dir='ltr'><strong>cuneos</strong></span> <span class='ocrx_word' id='word_1_237' title='bbox 878 3390 1069 3468; x_wconf 89' lang='lat' dir='ltr'><strong>componitur</strong></span> <span class='ocrx_word' id='word_1_238' title='bbox 1082 3393 1205 3475; x_wconf 35' lang='lat' dir='ltr'><strong>0¹³⁰ssst</strong></span> <span class='ocrx_word' id='word_1_239' title='bbox 1221 3407 1230 3418; x_wconf 65' lang='lat'><strong>&#39;⁴</strong></span> <span class='ocrx_word' id='word_1_240' title='bbox 1261 3427 1262 3432; x_wconf 20' lang='grc' dir='ltr'><strong>κ</strong></span> 
     </span>
     <span class='ocr_line' id='line_1_32' title="bbox 138 3484 1236 3578; baseline -0.008 -22"><span class='ocrx_word' id='word_1_241' title='bbox 138 3492 260 3556; x_wconf 87' lang='lat' dir='ltr'><strong>Cedere</strong></span> <span class='ocrx_word' id='word_1_242' title='bbox 282 3490 361 3566; x_wconf 94' lang='lat' dir='ltr'><strong>loco,</strong></span> <span class='ocrx_word' id='word_1_243' title='bbox 385 3488 552 3552; x_wconf 89' lang='lat' dir='ltr'><strong>dummodo</strong></span> <span class='ocrx_word' id='word_1_244' title='bbox 573 3509 680 3550; x_wconf 88' lang='lat' dir='ltr'><strong>rursus</strong></span> <span class='ocrx_word' id='word_1_245' title='bbox 708 3488 814 3562; x_wconf 89' lang='lat' dir='ltr'><strong>instes,</strong></span> <span class='ocrx_word' id='word_1_246' title='bbox 844 3487 963 3552; x_wconf 87' lang='lat' dir='ltr'><strong>consilii</strong></span> <span class='ocrx_word' id='word_1_247' title='bbox 986 3510 1078 3573; x_wconf 87' lang='lat' dir='ltr'><strong>quam</strong></span> <span class='ocrx_word' id='word_1_248' title='bbox 1114 3484 1196 3568; x_wconf 45' lang='lat' dir='ltr'><strong>&#39;l&#39;nt-J&#39;</strong></span> <span class='ocrx_word' id='word_1_249' title='bbox 1211 3512 1236 3578; x_wconf 51' lang='lat' dir='ltr'><strong>p</strong></span> 
     </span>
     <span class='ocr_line' id='line_1_33' title="bbox 138 3585 1262 3673; baseline -0.001 -16"><span class='ocrx_word' id='word_1_250' title='bbox 138 3593 309 3658; x_wconf 87' lang='lat' dir='ltr'><strong>formidinis</strong></span> <span class='ocrx_word' id='word_1_251' title='bbox 344 3590 535 3653; x_wconf 89' lang='lat' dir='ltr'><strong>arbitrantur.</strong></span> <span class='ocrx_word' id='word_1_252' title='bbox 582 3587 719 3673; x_wconf 88' lang='lat' dir='ltr'><strong>Corpora</strong></span> <span class='ocrx_word' id='word_1_253' title='bbox 755 3609 883 3652; x_wconf 89' lang='lat' dir='ltr'><strong>suorum</strong></span> <span class='ocrx_word' id='word_1_254' title='bbox 918 3591 1011 3654; x_wconf 88' lang='lat' dir='ltr'><strong>ctiam</strong></span> <span class='ocrx_word' id='word_1_255' title='bbox 1047 3595 1077 3656; x_wconf 91' lang='lat' dir='ltr'><strong>in</strong></span> <span class='ocrx_word' id='word_1_256' title='bbox 1261 3585 1262 3602; x_wconf 49' lang='lat'>³</span> 
     </span>
    </p>

    <p class='ocr_par' dir='ltr' id='par_1_4' title="bbox 27 3682 1077 3775">
     <span class='ocr_line' id='line_1_34' title="bbox 27 3682 1077 3775; baseline -0.004 -17"><span class='ocrx_word' id='word_1_257' title='bbox 27 3682 30 3690; x_wconf 32' lang='lat'>¹</span> <span class='ocrx_word' id='word_1_258' title='bbox 141 3693 239 3758; x_wconf 84' lang='lat' dir='ltr'><strong>lobiis</strong></span> <span class='ocrx_word' id='word_1_259' title='bbox 265 3691 391 3775; x_wconf 87' lang='lat' dir='ltr'><strong>proeliis</strong></span> <span class='ocrx_word' id='word_1_260' title='bbox 420 3690 565 3755; x_wconf 86' lang='lat' dir='ltr'><strong>referunt.</strong></span> <span class='ocrx_word' id='word_1_261' title='bbox 625 3689 757 3756; x_wconf 87' lang='lat' dir='ltr'><strong>Scutum</strong></span> <span class='ocrx_word' id='word_1_262' title='bbox 792 3690 963 3774; x_wconf 87' lang='lat' dir='ltr'><strong>reliquisse,</strong></span> <span class='ocrx_word' id='word_1_263' title='bbox 993 3715 1077 3774; x_wconf 88' lang='lat' dir='ltr'><strong>prae·</strong></span> 
     </span>
    </p>
   </div>
   <div class='ocr_carea' id='block_1_3' title="bbox 0 0 1280 4228">
    <p class='ocr_par' dir='ltr' id='par_1_5' title="bbox 0 0 1280 4228">
     <span class='ocr_line' id='line_1_35' title="bbox 0 0 1280 4228; baseline 0 2"><span class='ocrx_word' id='word_1_264' title='bbox 0 0 1280 4228; x_wconf 95' lang='lat' dir='ltr'><strong> </strong></span> 
     </span>
    </p>
   </div>
  </div>
 </body>
</html>
