2526 4222
178 305 221 364 02
501 317 532 359 c.
555 314 650 358 cosu.
675 313 785 360 urerer

180 467 298 531 tauuieo
325 477 430 545 patet;
465 475 556 547 atque
586 483 677 526 omne
705 464 844 546 ignotum
871 485 927 548 pro
955 466 1126 550 magnifico

180 579 236 630 est.
280 565 345 628 Sed
368 565 453 628 nulla
477 564 542 648 jam
566 563 646 626 ultra
668 585 754 647 gens,
775 563 851 627 nihil
866 567 931 640 ,nisi
952 567 1068 630 fluctus
1093 581 1125 632 et

180 689 261 743 saue,
278 679 309 730 et
323 667 496 730 infestiores
519 665 672 729 Romani:
696 685 828 748 quorum
850 668 1028 747 superbiam
1041 669 1126 732 frus-

180 781 225 832 tra
238 790 293 852 per
314 769 497 851 obsequium
513 779 544 830 et
558 767 742 829 modestiam
765 767 922 851 effugeris.
967 767 1124 850 Raptores

181 870 272 946 orbis,
287 881 451 952 postquam
472 881 584 931 cuncta
605 879 725 940 vastant
726 867 795 930 ibus
817 867 909 950 delire
927 890 944 930 e
966 883 1073 946 terrae,
1091 882 1125 934 et

181 993 264 1035 mare
293 983 485 1046 scrutantur:
525 970 551 1031 si
580 968 718 1049 locuples
745 967 842 1032 hostis
870 890 928 1045 esi,
959 973 1063 1048 avari;
1095 973 1124 1034 si

180 1094 304 1154 pauper,
329 1047 500 1134 ambitiosI:
530 1092 608 1154 quos
634 1091 695 1132 non
718 1069 840 1146 Oriens,
866 1091 928 1132 non
955 1070 1122 1148 Occidens

182 1176 343 1238 satiaverit.
399 1173 464 1236 Soli
501 1173 639 1260 omnium
668 1192 743 1252 opes
773 1183 863 1254 atque
892 1172 1046 1252 impiam
1055 1175 1123 1254 pari

181 1276 295 1338 affectu
339 1275 568 1354 concupiscunt.
626 1271 766 1362 Auferre,
805 1267 986 1348 trucidare,
1003 1293 1121 1354 rapere,

183 1375 268 1438 falsis
297 1375 506 1439 nomInibus
498 1374 682 1453 rmperium3
713 1385 813 1478 atque,
841 1372 895 1435 ubi
925 1373 1123 1465 solitudiqem

183 1477 306 1550 faciunt,
322 1497 431 1556 paoem
446 1467 608 1557 appellant.
610 1473 627 1503 ”
899 1481 911 1489 ⁴

223 1573 339 1637 XXXI.
364 1574 523 1636 “Liberos
544 1576 657 1657 cuique
672 1597 709 1637 ac
723 1576 908 1659 propinquos
924 1596 997 1637 suos
1013 1587 1122 1638 natura

183 1677 357 1738 carissimos
373 1675 571 1752 essevoluit;
595 1675 627 1739 hi
642 1676 858 1757 perderemus,
875 1676 947 1738 alibi
969 1678 1121 1754 servituri,

182 1777 378 1840 auferuntur·
409 1777 555 1860 conjuges
583 1798 773 1860 sororesque,
801 1778 859 1840 etsi
885 1777 1030 1841 hostilem
1054 1778 1122 1841 libi·

183 1881 285 1943 dinem
314 1880 471 1964 effugiant,
500 1880 623 1942 nomine
652 1880 821 1941 amicorum
850 1890 941 1961 atque
966 1878 1122 1960 hospitum

182 1983 321 2065 polluun
322 2005 366 2046 ur
410 1982 497 2045 Bona
524 1979 756 2063 fortunasque
749 1993 820 2042 rnt
808 1981 994 2049 tributum
984 1994 1123 2064 egerunt,

183 2108 277 2148 annos
291 2087 322 2147 in
336 2085 543 2146 frumentum:
568 2103 693 2163 corpora
715 2083 782 2162 ipsa
796 2103 832 2144 ac
846 2080 955 2176 maniis
980 2083 1065 2145 silvis
1085 2104 1122 2144 ac

184 2186 345 2266 paludibus
374 2181 638 2278 emuniendist
592 2190 638 2244 rnt
640 2203 674 2245 er
698 2182 828 2247 verbera
853 2167 891 2245 ao
919 2168 1121 2245 contumelias

183 2298 350 2349 conterunt.
395 2285 477 2348 Nata
506 2285 643 2347 servituti
672 2285 823 2364 mancipia
853 2285 950 2347 semel
978 2298 1122 2361 veneunt,
1135 2296 1147 2312 ⁴

183 2399 273 2468 atque
301 2386 380 2447 ultro
401 2407 419 2446 a
440 2386 570 2447 dominis
598 2385 737 2447 aluntur:
761 2384 917 2448 Britannia
946 2387 1123 2448 servitutem

184 2508 271 2548 suam
299 2486 433 2568 quotidie
464 2487 547 2560 emit,
578 2487 712 2568 quotidie
742 2489 850 2570 pascit.
895 2489 951 2562 Ac,
983 2489 1064 2549 sicut
1091 2488 1123 2549 in

183 2587 297 2651 familie
318 2579 547 2651 recentissimus
570 2589 701 2671 quisque
731 2610 886 2650 servorum
909 2601 939 2650 et
965 2589 1122 2652 conservis

184 2689 314 2753 ludibrio
337 2703 393 2768 est,
411 2681 455 2753 sio
471 2692 502 2753 in
517 2689 574 2753 hoc
590 2690 670 2752 orbis
693 2703 840 2751 terrarum
852 2695 956 2751 'vetere
971 2679 1121 2752 famulatu

184 2793 254 2855 novi
276 2813 331 2854 nos
354 2804 385 2854 et
405 2793 481 2855 viles
497 2784 527 2854 in
543 2790 696 2852 excidium
719 2791 861 2871 petImun
905 2789 1017 2872 Neque
1040 2791 1123 2852 enim

184 2912 254 2954 arva
269 2894 355 2954 uobis
378 2905 431 2954 aut
453 2893 575 2954 metalla
598 2903 651 2953 aut
674 2905 780 2972 portus
805 2905 884 2966 sunt,
901 2891 1012 2973 quibus
1036 2911 1123 2953 exer-

184 2993 290 3054 cendis
316 3013 516 3053 reservemur.
561 2990 666 3054 Virtus
692 3013 781 3076 porro
805 3014 841 3055 ac
863 2993 976 3055 ferocia
1002 2991 1125 3076 subjec-

185 3105 283 3155 torum
325 3092 441 3174 ingrata
483 3091 726 3171 imperantibus:
772 3107 802 3156 et
842 3093 1045 3176 longinquitas
1087 3115 1125 3156 ae

184 3207 337 3258 secretum
372 3194 571 3278 ipsumque
607 3206 713 3269 tutius,
752 3217 789 3257 eo
826 3197 1011 3280 suspectius.
1064 3195 1124 3271 Ita,

185 3297 303 3360 sublata
340 3317 393 3376 spe
429 3296 546 3372 veniae,
576 3295 698 3358 tandem
736 3297 847 3366 sumite
884 3287 1029 3368 animum,
1060 3307 1125 3358 tam

184 3397 295 3480 quibus
333 3397 425 3472 salus,
463 3419 556 3480 quarn
591 3396 703 3480 quibus
739 3397 835 3479 gloria
870 3396 1028 3458 carissime
1065 3407 1125 3458 est

184 3497 396 3570 Trinobantes
435 3496 548 3559 femine
583 3497 672 3569 duce,
708 3517 835 3558 exurere
873 3496 1032 3569 coloniam,
1071 3515 1125 3556 ex-

184 3594 448 3680 pugnare‘castru
472 3617 518 3671 ac,
541 3597 601 3658 nisi
622 3594 751 3657 felicitas
773 3599 803 3658 iu
827 3596 997 3692 sogordiam
1014 3597 1126 3657 vertis·

184 3707 238 3772 oet,
262 3711 372 3752 exuere
398 3693 509 3772 jugum
530 3707 676 3772 potuere:
708 3716 763 3754 nos
793 3696 900 3776 integri
923 3709 953 3757 et
982 3694 1122 3761 indomiti
