2552 4228
477 315 518 358 aa
542 313 723 358 canutum.
1031 294 1070 354 41

121 466 303 546 pernicitate
332 462 490 548 gaudent;
532 485 611 547 quae
641 463 744 527 omnia
771 461 892 526 diversa
922 459 1071 527 Sarmatis

123 580 206 643 sunt,
230 567 262 630 in
290 566 427 651 plaustro
457 587 599 649 equoque
621 565 806 629 viventibus
852 563 966 628 Fennis
994 564 1071 628 mira

121 668 239 744 feritas,
261 666 352 730 foeda
379 679 566 748 paupertas:
598 681 658 728 non
686 688 780 742 arma,
809 687 871 730 non
899 659 981 748 equi,
1011 688 1070 728 non

120 782 271 850 penates:
295 769 390 832 victui
412 768 516 844 herba,
538 768 663 831 restitui
685 767 793 848 pelles,
809 766 910 831 cubile
932 767 1069 830 humus:

122 870 190 932 sola
226 871 258 933 in
294 869 413 953 sagittis
450 890 532 950 spes,
570 889 658 951 quaa,
694 869 797 949 inopia
829 868 909 942 ferri,
947 868 1069 931 ossibus

121 982 278 1055 asperant.
321 970 471 1054 Idemque
493 981 622 1033 venatus
643 971 726 1033 viros
748 971 862 1051 pariter
884 991 920 1032 ac
939 969 1071 1032 feminas

121 1067 200 1134 atit.'
243 1069 368 1134 Passim
396 1071 479 1134 enim
508 1071 701 1147 comitantur,
728 1082 910 1153 partemque
938 1070 1069 1151 praedae

120 1184 242 1254 petunt.
295 1170 366 1235 Nec
393 1171 478 1235 aliud
504 1171 672 1236 infantibus
700 1171 835 1234 serarum
864 1172 1070 1255 imbriumque

122 1274 305 1357 suffugium,
320 1296 414 1357 quam
428 1275 509 1336 utin
524 1272 627 1356 aliquo
641 1293 797 1335 ramorum
810 1294 892 1362 perp
908 1285 1070 1358 contegan-

121 1389 192 1439 tur:
216 1375 278 1438 huc
298 1375 428 1439 redeunt
449 1376 590 1460 juvence,
607 1373 666 1436 hoc
693 1395 803 1438 senum
829 1374 1069 1456 receptaculum.

123 1477 190 1541 Sed
216 1477 337 1541 beatius
366 1475 558 1553 arbitrantur,
582 1497 676 1561 quam
703 1477 860 1561 ingemere
889 1478 981 1561 agris,
1004 1476 1070 1542 illa-

120 1579 230 1642 borare
245 1577 398 1655 domibus,
415 1599 488 1641 suas
509 1577 685 1662 alienasque
700 1576 836 1642 fortunas
851 1600 908 1664 spc
923 1592 1070 1663 metuque

120 1702 256 1778 versare.
301 1679 411 1744 Securi
440 1679 588 1744 adversus
616 1679 768 1758 homines,
792 1683 894 1746 securi
922 1683 1069 1746 adversus

121 1779 207 1858 deos,
223 1768 290 1844 rem
312 1779 524 1846 difficillimam
545 1781 681 1844 assecuti
704 1793 785 1859 sunt,
800 1793 836 1846 ut
857 1783 918 1846 illis
940 1805 979 1845 ne
999 1795 1069 1847 voto

121 1882 248 1968 quidem
271 1905 349 1965 opus
371 1895 464 1947 esset.
511 1882 626 1948 Cetera
643 1882 709 1967 jam
722 1881 883 1949 sabulosa:
908 1883 1069 1948 Hellusios

121 1997 152 2050 et
182 1985 321 2050 Oxionas
350 2007 403 2049 ora
429 1984 591 2050 hominum
617 1984 796 2070 vultusque,
822 2006 950 2071 corpora
978 1997 1069 2070 atque

121 2099 205 2156 artus
220 2087 367 2164 ferarum,
383 2108 512 2172 gerere:
536 2085 619 2172 quod
659 2104 709 2172 go,
733 2099 768 2152 ut
788 2087 1023 2172 incompertum,
1038 2089 1068 2154 iu

120 2189 261 2258 medium
275 2188 458 2274 relinquam.
