2552 4228
482 312 522 354 nn
546 313 725 356 ernanum.
1030 301 1072 360 38

133 458 234 526 donee
256 461 421 543 exsanguis
446 472 588 524 senectus
614 473 677 525 tam
698 460 792 524 tlurae
813 461 917 525 virtuti
940 462 1071 546 impares

132 562 236 626 faciat.

175 657 308 722 XXXII.
330 656 591 726 ProximiGbattis
597 675 715 727 certum
733 663 798 748 jam
813 663 899 728 alveo
914 664 1070 742 Rhenum,

133 765 248 847 quique
277 765 425 828 terminus
454 785 525 826 esse
541 763 695 842 sufficiat,
726 765 830 846 Usipii
859 788 896 829 ac
924 765 1070 830 Tencteri

133 866 250 929 colunt.
306 863 462 940 Tencteri,
495 885 588 946 super
620 866 744 932 solitum
778 867 928 932 bellorum
963 867 1070 942 decus,

133 967 287 1048 equestris
302 965 480 1045 disciplinae
495 977 557 1028 arte
572 967 781 1047 praecellunt:
808 989 867 1031 nec
882 969 977 1053 major
990 968 1071 1049 apud

135 1067 267 1130 Chattos
279 1067 414 1145 peditum
427 1065 504 1142 laus,
521 1087 614 1150 quam
635 1066 797 1130 Tencteris
823 1070 972 1152 equitum.
1017 1068 1070 1131 Sic

133 1167 294 1231 instituere
317 1165 456 1248 majores,
481 1168 594 1246 posteri
616 1167 789 1245 imitantur;
812 1168 844 1232 hi
866 1169 953 1232 lusus
975 1167 1071 1231 infan-

132 1269 223 1343 tium,
252 1265 329 1330 haec
353 1266 503 1352 juvenum
531 1268 704 1345 aemulatio,
734 1282 930 1350 perseverant
958 1291 1069 1333 senes·

132 1370 213 1432 inter
227 1367 375 1430 familiam
397 1380 428 1430 et
448 1381 575 1452 penates
598 1383 629 1432 et
653 1369 723 1452 jura
745 1370 978 1433 successionum
1000 1372 1069 1454 equi

132 1468 314 1545 traduntur;
349 1470 461 1550 excipi-t
488 1469 581 1545 filius,
609 1492 680 1546 non,
708 1483 743 1534 ut
778 1483 889 1548 cetera,
919 1473 1071 1536 maximus

131 1582 217 1646 natu,
234 1569 288 1632 sed
303 1584 393 1650 prout
405 1569 491 1634 ferox
504 1569 586 1634 bello
600 1583 632 1636 ct
644 1570 762 1636 melior.

174 1667 436 1736 XXXIILJuxta
463 1671 633 1738 Tencteros
661 1671 803 1738 Bructeri
832 1673 905 1739 olim
933 1697 1072 1739 occurre·

131 1772 227 1835 bant:
264 1793 348 1836 nunc
379 1771 554 1838 Chamavos
581 1786 613 1838 et
641 1774 838 1858 Angrivarios
877 1777 1070 1861 immigrasse

131 1885 280 1948 narratur,
296 1873 394 1954 pulsis
417 1872 574 1937 Bructeris
589 1896 626 1938 ac
639 1875 762 1956 penitus
777 1875 889 1937 excisis
903 1876 1072 1938 vicinarum

131 1995 286 2058 consensu
312 1975 480 2051 nationum,
503 1996 560 2041 seu
586 1975 746 2056 superbiae
769 1975 848 2052 odio,
864 1997 921 2038 seu
941 1975 1072 2058 praedae

132 2074 306 2150 dulcedine,
323 2096 379 2138 seu
393 2075 496 2140 favore
518 2075 652 2159 quodem
673 2097 746 2160 erga
760 2097 816 2140 nos
830 2076 977 2140 deorum:
1000 2097 1070 2140 nam

131 2196 171 2238 ne
186 2176 365 2260 spectaculo
376 2176 500 2260 quidem
515 2177 622 2258 proelii
636 2177 788 2242 invidere:
812 2197 905 2260 super
916 2178 1071 2262 sexaginta

132 2276 238 2353 millia,
261 2298 322 2340 non
346 2279 438 2341 armis
461 2278 588 2362 telisque
611 2278 772 2356 Romanis,
795 2279 860 2356 sed,
883 2279 965 2363 quod
986 2301 1071 2364 mag·

133 2379 307 2442 nificentius
349 2390 406 2456 est,
448 2379 641 2444 oblectationi
682 2381 842 2464 oculisque
885 2380 1071 2445 ceciderunt.

134 2477 269 2556 Maneat,
292 2501 417 2562 quaeso,
433 2480 582 2563 duretque
603 2480 755 2564 gentibus,
772 2482 874 2545 sinon
894 2503 980 2544 amor
1000 2500 1071 2543 nos-

133 2582 179 2658 tri,
201 2592 234 2644 at
258 2592 341 2644 certe
365 2580 469 2644 odium
495 2582 566 2644 sui:
597 2581 728 2664 quando,
751 2581 930 2664 urgentibus
952 2582 1070 2661 imperii

133 2681 213 2759 latis,
230 2681 305 2746 nihil
327 2682 393 2766 jam
414 2695 566 2764 praestare
589 2682 709 2746 fortuna
732 2682 832 2765 majus
853 2694 962 2762 potest,
979 2703 1071 2757 quem

134 2779 269 2844 hostium
288 2780 482 2846 dismrdiam.

174 2878 320 2942 XXXIV.
342 2883 540 2966 Angrivarios
552 2895 584 2946 et
597 2882 772 2946 Chamavos
785 2903 803 2944 a
814 2894 899 2966 tergo
913 2880 1071 2966 Dulgionn

135 2996 165 3047 et
194 2983 359 3048 Chasuarii
376 2984 503 3048 cludunt
528 2985 668 3068 aliaeque
695 2997 814 3070 gentes,
836 2983 919 3047 haud
946 2983 1071 3066 perinde

135 3097 330 3150 memoratae.
381 3086 412 3148 A
439 3085 536 3150 fronte
565 3085 656 3150 Frisii
682 3086 846 3168 excipiunt.
901 3085 1070 3170 Majoribus

134 3187 363 3270 minoribusque
386 3185 495 3250 Frisiis
514 3188 699 3252 vocabulum
720 3201 768 3250 est
782 3209 821 3250 ex
834 3187 925 3249 modo
941 3188 1069 3248 virium:

134 3300 279 3370 utraeque
302 3287 439 3350 nationes
461 3309 560 3370 usque
589 3287 629 3352 ad
658 3287 820 3350 Oceanum
849 3285 961 3346 Rheno
984 3305 1071 3364 prae·

135 3399 285 3462 texuntur,
323 3387 521 3472 ambiuntque
556 3391 724 3452 immensos
760 3387 885 3466 insuper
919 3385 1005 3446 lacus
1042 3398 1070 3450 et

136 3487 284 3552 Romanis
321 3488 474 3552 classibus
509 3492 677 3574 navigates.
734 3487 842 3569 Ipsum
870 3487 945 3570 quin
980 3487 1071 3552 ctiam

136 3587 295 3653 Oceanum
321 3589 374 3653 illa
394 3593 597 3654 tentavimus:
622 3603 653 3654 et
679 3610 841 3670 superesse
869 3588 969 3651 adhuc
992 3577 1071 3652 Hor·

139 3691 210 3752 rulis
241 3691 402 3754 columnas
427 3689 510 3836 imqq
530 3692 687 3775 vulgavit3
718 3691 782 3755 sive
812 3690 885 3786 atliit
907 3688 1071 3762 Hercules,
