2552 4228
468 337 509 379 nn
533 335 712 380 canutum.
1020 323 1062 379 35

115 484 247 568 ingens;
271 485 446 568 veterisque
468 483 568 547 famae
590 483 652 546 lata
671 484 803 567 vestigia
823 494 957 560 manent,
980 495 1060 548 utra·

114 605 177 667 que
191 586 260 665 ripa
273 598 372 647 castra
386 606 424 647 ae
439 585 546 668 spatia,
562 605 692 667 quorum
711 585 827 647 ambitu
840 605 923 647 nunc
937 606 1060 669 quoque

114 687 252 748 metiaris
267 686 382 748 molem
403 706 574 768 manusque
590 687 690 768 gentis
706 699 814 748 ettam
835 687 940 770 magni
959 687 1060 749 exitus

116 785 222 848 fidem.
278 784 546 848 sexcentesimum
581 799 611 848 et
639 785 910 869 quadragesimum
946 809 1061 851 annum

116 887 191 948 urbs
214 899 317 949 nostra
339 886 458 969 agebat,
481 907 555 950 cum
583 888 715 966 primum
740 888 935 951 Cimbrorum
957 888 1060 951 audita

116 985 194 1050 sunt¹
212 1009 305 1064 arma,
324 987 462 1050 Caecilio
478 985 605 1049 Metello
629 992 662 1047 et
686 986 809 1068 Papirio
826 988 967 1052 Carbone
988 1009 1059 1052 con·

117 1088 251 1151 sulibus.
295 1087 347 1150 Ex
368 1110 430 1171 quo
453 1089 479 1151 si
501 1088 540 1150 ad
564 1088 693 1150 alterum
716 1089 911 1169 Imperatoris
933 1088 1059 1173 Trajani

116 1189 313 1255 consulatum
327 1201 552 1270 computemus,
568 1188 691 1250 ducenti
707 1188 803 1251 ferme
820 1202 851 1252 et
864 1189 974 1252 decem
989 1191 1059 1252 anni

115 1289 324 1372 colliguntur;
347 1289 464 1352 tamdiu
488 1288 656 1352 Germania
676 1290 817 1352 vincitur.
862 1288 968 1353 Medio
996 1302 1059 1353 tarn

116 1390 199 1473 longi
215 1391 283 1453 aevi
306 1391 414 1474 spatio,
429 1389 527 1453 multe
541 1390 675 1452 invicem
689 1389 800 1452 damna
816 1410 823 1450 :
846 1411 908 1452 non
923 1389 1058 1466 Samnis,

115 1512 175 1553 non
199 1490 308 1565 Poeni,
331 1512 392 1552 non
413 1488 585 1574 Hispaniae
609 1487 778 1566 Galliaeve,
801 1512 840 1553 ne
863 1489 970 1554 Parthi
992 1492 1059 1574 qui·

40 1575 44 1583 ¹
114 1593 187 1655 dem
202 1593 326 1672 saepius
349 1591 555 1682 admonuere:
579 1581 691 1675 quippe
711 1613 806 1676 regno
820 1594 946 1656 Arsacis
961 1593 1069 1656 acrior'

115 1706 162 1757 est
192 1692 417 1756 Germanorum
445 1692 580 1756 libertas.
625 1692 711 1766 Quid
738 1697 822 1758 enirn
850 1695 934 1758 aliud
958 1696 1056 1770 nobis,

115 1817 209 1878 quam
237 1794 366 1857 caedem
390 1794 505 1870 Crassi,
530 1795 645 1857 amisso
674 1809 704 1858 et
732 1797 798 1880 ipse
824 1795 957 1873 Pacoro,
981 1795 1058 1860 infra

116 1896 297 1960 Ventidium
318 1896 455 1980 dejectus
479 1895 591 1958 Oriens
620 1895 790 1980 objecerit?
834 1898 876 1959 Ar
899 1896 1056 1974 Germani,

116 1997 256 2061 Carbone
286 2010 317 2060 et
347 1998 459 2061 Cassio
495 2009 526 2060 et
563 1997 681 2059 Scauro
709 1997 836 2060 Aurelio
868 2009 899 2060 et
928 1998 1058 2060 Servilio

118 2099 286 2184 Caepione,
311 2097 357 2162 Μ.
391 2120 514 2183 quoque
530 2098 647 2162 Manlio
662 2098 740 2162 fusis
766 2099 817 2162 vel
839 2101 946 2181 captis,
970 2100 1057 2182 quin·

116 2223 174 2284 que
212 2201 306 2264 simul
341 2201 518 2264 consulares
556 2201 707 2264 exercitus
744 2200 867 2286 Populo
904 2199 1056 2277 Romane,

116 2300 242 2379 Varum,
273 2305 397 2385 tresque
434 2307 507 2365 cum
543 2324 579 2364 eo
614 2301 762 2385 legiones,
800 2304 893 2378 etiarn
930 2303 1057 2366 Caesari

115 2403 323 2466 abstulerunt:
347 2425 405 2466 nec
431 2404 556 2485 impune
584 2403 623 2466 C.
648 2403 766 2467 Marius
789 2405 819 2467 in
846 2404 944 2481 Italia,
967 2406 1057 2469 divus

116 2504 217 2568 Julius
240 2506 272 2594 in
285 2503 406 2580 -Gallia,
422 2503 553 2568 Drusus
580 2503 724 2572 aeNero
746 2518 776 2569 et
799 2506 1003 2570 Germanicus
1025 2509 1057 2570 in

117 2608 179 2670 suis
217 2628 272 2669 eos
302 2606 428 2669 sedibus
464 2607 669 2688 perculerunt.
728 2605 804 2669 Mox
840 2609 979 2690 ingentes
1018 2609 1056 2671 C.

116 2706 257 2772 Caesaris
286 2710 387 2771 minae
417 2710 449 2771 in
477 2708 643 2772 ludibrium
671 2729 789 2770 versae.
844 2708 920 2771 Inde
950 2711 1055 2786 otium,

116 2809 211 2873 donec
234 2811 396 2872 occasione
411 2810 582 2873 discordiae
604 2821 725 2872 nostrae
748 2821 778 2872 et
799 2809 938 2873 civilium
959 2831 1057 2872 armo-

117 2933 193 2986 rum,
223 2913 406 2994 expugnatis
442 2911 599 2995 legionum
635 2897 785 2987 hibernis,¹
815 2911 907 2973 etiam
938 2910 1056 2975 Gallias

117 3013 313 3076 affectavere:
337 3034 374 3075 ae
388 3034 494 3076 rursus
507 3003 602 3094 pulsi,
619 3012 690 3076 inde
704 3014 852 3098 proximis
867 3015 1056 3096 temporibus

117 3114 290 3195 triumphati
306 3115 405 3197 magis
421 3136 514 3197 quarn
529 3115 601 3178 victi
616 3126 698 3178 sunt.
876 3159 877 3166 κ

155 3211 330 3274 XXXVIII.
354 3214 448 3277 Nune
469 3214 508 3278 de
532 3215 644 3279 Suevis
666 3216 831 3280 dicendum
853 3230 910 3292 est,
926 3239 1055 3299 quorum

117 3338 174 3380 non
185 3340 252 3395 una,
264 3325 299 3378 ut
310 3318 485 3380 Chattorum
501 3317 773 3392 Tencterorumve,
790 3337 886 3398 gens:
909 3316 1055 3399 majorem

117 3419 195 3480 onim
231 3417 417 3480 Germaniae
452 3432 571 3499 partem
607 3417 765 3493 obtinent,¹
789 3417 919 3500 propriis
956 3415 1055 3480 adhuc

118 3521 288 3583 nationibus
311 3520 548 3603 nominibusque
571 3519 704 3594 disereti,
730 3539 906 3602 quanquam
920 3519 951 3581 in
973 3540 1055 3583 com-

118 3641 205 3684 mune
244 3621 340 3684 Suevi
377 3633 534 3684 vocentur.
597 3621 721 3704 Insigne
764 3621 863 3706 gentis
900 3621 1056 3705 obliquare

117 3713 407 3806 (rincm'nodoqne
445 3723 674 3806 substringere:
698 3725 744 3786 sic
775 3723 870 3786 Suevi
899 3745 917 3784 a
946 3724 1054 3785 ceteris
