2526 4222
186 237 228 294 58
337 239 356 298 .'
518 252 548 293 c.
573 249 670 292 court.
694 246 805 292 rncrrr

186 411 361 481 insumpta:
385 421 431 475 ac,
445 400 471 463 si
487 399 583 462 virtus
599 399 791 462 exercituum
805 410 837 461 et
852 397 988 462 Romani
999 399 1141 464 nominis

185 501 281 592 gloria
305 513 469 582 pateretur,
484 501 627 564 inventus
649 501 681 563 in
703 501 770 581 ipsa
786 498 945 562 Britannia
970 501 1140 564 terminus.

186 602 269 666 Nam
293 602 384 667 Clota
406 615 437 666 et
458 600 614 680 Bodotria,
643 600 756 664 diversi
786 603 880 664 maris
910 603 1047 665 aestibus
1078 625 1142 684 per

186 706 372 768 immensum
392 716 544 780 reiectae,
560 716 691 788 angusto
706 716 856 769 terrarum
865 705 970 800 spatio
984 507 1248 818 &timuis-i

186 820 252 872 tur:
283 807 367 892 quod
394 819 462 870 tum
489 805 652 922 praesiiljis
680 805 879 868 firmabatur:
909 820 1003 890 atque
1031 829 1140 871 omnis

187 909 306 990 propior
341 909 428 971 sinus
463 907 635 1004 tenebatur,
666 900 829 996 summotis
857 906 988 969 velut
979 929 1012 970 ιιι
1040 907 1140 970 aliam

186 1009 318 1073 insulam
340 1008 492 1073 hostibus.

228 1111 351 1177 XXIV.
385 1111 503 1186 Quinto
533 1110 761 1192 expeditionum
798 1132 887 1187 anuo,
919 1132 998 1173 nave
1034 1112 1139 1193 prima

186 1227 406 1298 transgressus,
436 1215 556 1306 ignotas
584 1211 623 1275 ad
652 1211 684 1274 id
712 1225 835 1296 tempus
871 1197 981 1306 gentes
998 1213 1138 1276 'crebris

186 1317 279 1380 simul
306 1337 343 1380 ac
368 1315 522 1398 prosperis
547 1313 673 1394 proeliis
696 1313 832 1392 domuit:
857 1334 989 1402 eamqpe
1015 1327 1138 1395 partem

186 1417 370 1494 Britanniae,
394 1439 473 1530 quae
503 1403 688 1500 Hiberniam
716 1416 835 1514 aspicit,
865 1417 962 1512 copiis
992 1417 1139 1516 instrum(

186 1522 216 1582 in
245 1541 333 1600 spem
368 1519 468 1601 magis
496 1539 627 1610 quam
626 1518 665 1580 ob
694 1492 912 1632 formitiinem3
934 1519 977 1581 si
1007 1518 1137 1620 quidem

185 1619 345 1695 Hibernia,
373 1619 476 1682 medio
504 1619 583 1708 inter
611 1618 679 1683 Brit
667 1621 802 1687 tanniam
830 1619 921 1703 a'tque
938 1588 1137 1701 Hispaniam

186 1723 244 1784 sita
258 1734 289 1784 et
305 1720 450 1784 Gallico
448 1743 571 1806 quoqne
594 1722 671 1784 mari
694 1735 873 1836 opportuna,
889 1722 1137 1800 valentissimam

135 1815 139 1826 ’
185 1824 305 1906 imperii
341 1837 460 1906 partem
494 1825 616 1908 magnis
650 1824 784 1887 invicem
818 1825 934 1907 usibus
961 1809 1136 1925 miscuerit.

187 1927 271 2010 Spat
265 1951 329 1991 rum
357 1927 435 2013 ejus,
467 1928 493 1990 si
521 1926 697 1990 Britanniae
726 1939 930 2025 comparetur,
958 1889 1134 2010 angustiis,
1177 1931 1182 1937 ’
1247 1953 1250 2006 ι

187 2033 280 2094 nostri
309 2032 402 2094 maris
429 2029 560 2092 insulas¹
575 2035 729 2116 superat.¹
754 2028 871 2102 Solum.
893 2029 1078 2124 coelumque
1100 2044 1136 2094 et

186 2133 307 2220 ingenia
322 2132 485 2216 cultusque
508 2131 668 2194 hominum
689 2130 773 2193 haud
795 2131 928 2194 multum
942 2153 960 2194 a
975 2131 1136 2195 Britannia

185 2233 346 2296 differunt:
377 2232 410 2296 in
434 2233 547 2296 melius
570 2203 670 2324 adilus
692 2245 860 2329 portusupe
876 2255 937 2326 per
946 2236 1148 2334 commercia-

186 2347 216 2396 et
230 2336 365 2417 negotiat
324 2356 433 2454 ogas
427 2337 581 2440 ⁰⁰ssnlli·
627 2333 773 2420 Agricola
795 2324 959 2435 enpulsum
982 2336 1136 2400 seditione

185 2427 405 2522 domestica
368 2459 466 2501 unum
488 2458 527 2500 ex
537 2438 664 2552 regulis
683 2439 783 2521 gentis
799 2421 961 2527 eiiceperat
975 2461 1018 2502 ac
1027 2439 1135 2521 specie

185 2539 337 2602 amicitiae
374 2541 406 2602 in
442 2529 637 2629 occasionem
672 2553 719 2604 ret
707 2541 831 2630 tinebat.
888 2531 989 2621 Saepe
1023 2562 1062 2602 ex
1093 2563 1134 2604 eo

185 2641 298 2719 audivi,
314 2641 435 2726 legione
457 2665 519 2706 una
541 2655 572 2706 et
593 2643 738 2732 modicis
745 2617 866 2705 auiiiliis
885 2632 1033 2723 debellari
1056 2605 1133 2706 obti-

188 2746 312 2830 nerique
349 2743 547 2809 Hiberniam
569 2767 673 2841 posse.
718 2745 817 2842 quue
853 2745 946 2807 etiam
982 2729 1131 2808 adversus

191 2847 376 2910 Britanniam
397 2847 500 2928 proft
467 2869 600 2922 nurum,
625 2849 651 2910 si
679 2835 821 2910 Romana
845 2837 960 2949 ubique
983 2868 1077 2922 arma,
1102 2862 1132 2918 et

191 2948 271 3010 uelut
284 2970 301 3009 e
317 2961 486 3031 conspectu
501 2943 590 3030 libert
579 2961 625 3010 tas
640 2949 807 3013 tolleretur.
849 2993 851 3001 ·

228 3047 334 3110 XXV
360 3047 508 3111 Ceterum
530 3055 736 3156 aestateque
758 3064 825 3148 sext
826 3073 880 3144 um
903 3050 995 3133 officii
1017 3073 1133 3116 annum

103 3179 105 3184 ¹
188 3149 356 3224 inchoabat
336 3148 541 3251 tamplexus
568 3133 707 3212 civitates
731 3164 814 3214 trans
841 3151 1018 3214 Bodotriam
1045 3153 1132 3244 sitaS,

186 3253 302 3335 quia
280 3257 417 3362 mutps
430 3253 642 3315 universarum
678 3252 774 3315 ultra
776 3254 932 3336 gentium
961 3264 991 3315 et
1016 3253 1050 3316 in
1053 3251 1133 3358 leil}

185 3353 304 3416 hostilis
341 3331 494 3449 exercitus
528 3355 637 3465 itinera
666 3354 878 3454 timthut,
891 3366 997 3434 portus
1030 3345 1144 3418 classe'

185 3425 369 3539 explorabit:
394 3478 516 3556 quae,
515 3457 552 3518 ab
569 3441 728 3538 eAgricola
747 3457 891 3568 primum
919 3467 1079 3536 assumpta
1101 3459 1133 3521 in

186 3566 301 3616 nartem
323 3555 444 3631 viripm,
445 3533 649 3650 sequebatur
671 3553 795 3638 egregia
818 3559 932 3641 specie,
949 3578 1022 3642 cum
1039 3557 1133 3624 simul

187 3665 273 3730 terra
291 3653 382 3714 simul
397 3677 473 3717 marr
466 3656 604 3718 bellum
625 3654 843 3744 impelleretur,
860 3681 896 3720 ac
912 3678 1003 3738 saepe
1022 3658 1132 3724 iisdem
