2526 4222
480 325 645 368 scurrone
663 366 671 384 ,
996 309 1037 368 67
1091 279 1100 296 ’

97 473 235 536 hostium
251 473 350 536 aciem
372 473 520 535 invasere.
564 471 649 534 Tum
670 492 742 534 uero
764 471 936 552 patentibus
959 470 1035 535 locis

99 573 214 657 grande
230 583 261 635 et
275 585 359 635 atrox
374 573 603 653 spectaculum:
627 574 725 656 sequi,
741 573 910 648 vulnerare,
926 593 1035 654 capere

100 687 191 756 atque
216 673 352 748 eosdem,
369 671 476 735 oblatis
499 672 577 748 aliis',
593 671 754 736 trucidare.
798 673 869 736 Jam
892 673 1036 750 hostiurn,

99 784 190 854 prout
228 774 339 855 cuique
376 773 533 856 ingenium
570 785 642 848 erat,
680 786 818 836 catervae
855 786 1037 836 armatorum

99 874 299 954 paucioribus
327 885 412 956 terga
442 887 605 953 praestare,
636 872 760 955 quidam
792 875 924 936 inermes
959 875 1038 936 ultro

99 995 190 1036 ruere
206 995 244 1035 ac
259 993 292 1035 se
307 974 396 1035 morti
419 973 545 1054 offerre3
588 974 703 1054 passim
728 995 811 1036 arma
826 986 856 1036 et
871 995 994 1055 corpora
1009 987 1039 1036 et
1117 1001 1125 1014 ·

100 1074 195 1138 laceri
219 1086 302 1136 artus
331 1085 362 1136 et
389 1084 514 1134 cruenta
542 1072 674 1135 humus:
699 1085 730 1135 et
757 1074 919 1156 aliquando
948 1075 1039 1136 etiarn

100 1176 192 1237 victis
222 1175 267 1236 ira
293 1174 467 1254 virtusque3
505 1186 669 1256 postquam
705 1173 789 1236 silvis
818 1174 1037 1254 appropinqua-

100 1289 183 1351 runt,
199 1275 319 1338 collecti
340 1275 454 1354 primos
477 1275 671 1356 sequentium
693 1275 830 1336 incautos
853 1287 884 1337 et
904 1275 1040 1336 locorum

102 1378 225 1460 ignaros
255 1375 543 1437 circumveniebant.
587 1373 681 1447 Quod
702 1375 733 1436 ni
755 1374 898 1457 frequens
926 1375 1040 1457 ubique

103 1477 249 1560 Agricola
263 1476 378 1538 validas
393 1489 423 1538 et
438 1475 594 1556 expeditas
616 1475 755 1538 cohortes
776 1477 925 1560 indaginis
940 1475 1039 1551 modo,

103 1591 144 1652 et,
175 1576 276 1638 sicubi
304 1577 432 1639 arctiora
463 1587 556 1651 erant,
586 1589 703 1656 partem
739 1579 877 1660 equitum
905 1577 1039 1639 dimissis

104 1679 203 1760 equis,
222 1676 315 1739 simul
336 1677 464 1739 rariores
487 1676 579 1738 silvas
595 1678 730 1759 equitem
744 1678 912 1762 persultare
931 1677 1039 1762 jussis-

104 1792 161 1854 set,
185 1789 348 1857 acceptum
376 1776 498 1859 aliquod
525 1778 637 1840 vulnus
664 1799 720 1857 per
746 1776 873 1840 nimiam
895 1779 1041 1842 fiduciam

105 1879 191 1942 foret.
252 1877 409 1953 Ceterum,
445 1879 499 1941 ubi
536 1879 722 1958 compositos
754 1878 851 1940 firmis
887 1879 1043 1941 ordinibus

104 1979 194 2062 sequi
215 1999 322 2041 rursus
344 1977 457 2056 videre,
480 1979 512 2040 in
533 1977 640 2061 fugam
660 1976 752 2052 versi,
775 1999 836 2040 non
859 1976 1043 2061 agminibus,

102 2093 139 2144 ut
166 2081 264 2164 prius,
286 2100 345 2142 nec
367 2079 445 2142 alius
475 2079 570 2143 alium
590 2089 807 2159 respectantes,
830 2079 889 2142 rari
917 2091 948 2141 et
968 2079 1045 2142 vita·

102 2181 200 2244 bundi
230 2181 373 2255 invicem,
396 2179 561 2264 longinqua
583 2191 674 2262 atque
697 2180 765 2242 avia
788 2181 914 2261 petiere.
958 2177 1044 2242 Finis

104 2281 256 2365 sequendi
271 2303 331 2344 nox
345 2293 376 2344 et
391 2282 515 2344 satietas
529 2281 606 2344 fuit:
629 2302 720 2344 caesa
734 2280 870 2345 hostium
883 2280 922 2344 ad
935 2280 1045 2344 decem

103 2385 221 2456 millia:
245 2394 418 2446 nostrorum
432 2383 559 2446 trecenti
574 2384 731 2463 sexaginta
745 2383 903 2447 cecidere:
930 2383 1044 2466 inquis
1121 2458 1124 2464 Ι

59 2523 65 2528 -
105 2486 207 2560 Aulus
223 2485 345 2548 Atticus
370 2484 544 2565 praefectus
569 2484 711 2561 cohortis,
736 2485 864 2569 juvenili
888 2487 993 2548 ardore
1015 2495 1046 2547 et
1143 2531 1147 2539 .

104 2587 222 2650 ferocia
237 2586 309 2664 equi
323 2583 463 2648 hostibus
478 2585 589 2648 illatus.

147 2683 324 2747 XXXVIII.
347 2684 391 2750 Et
411 2708 472 2749 nox
494 2687 618 2770 quidem
639 2685 752 2769 gaudio
773 2684 945 2768 praedaque
967 2685 1047 2748 laeta

104 2786 300 2851 victoribus:
350 2785 487 2850 Britanni
527 2787 675 2868 palantes,
717 2787 873 2868 mixtoque
914 2786 1047 2848 virorum

105 2889 335 2971 mulierumque
364 2887 492 2968 ploratu,
515 2887 633 2951 trahere
657 2886 840 2963 vulneratos,
864 2907 972 2949 vocare
1002 2887 1047 2948 in·

105 3004 221 3074 tegros,
238 2988 380 3052 deserere
402 2988 509 3052 domos
531 3009 568 3052 ac
589 3009 644 3069 per
665 2989 741 3051 iram
761 2988 840 3052 ultro
862 2986 1045 3051 incendere:

40 3147 42 3151 .
106 3093 224 3175 eligere
238 3089 374 3172 latebras·
386 3101 417 3153 et
432 3090 535 3153 statim
555 3090 745 3173 relinquere:
769 3092 900 3154 miscere
915 3090 1047 3154 invicem

105 3191 238 3256 consilia
264 3191 376 3273 aliqua,
406 3189 667 3271 dein'separare:
691 3191 852 3272 aliquando
880 3188 978 3270 frangi
1000 3211 1048 3250 as-

105 3306 202 3374 pectu
230 3293 392 3376 pignorum
416 3312 551 3366 suorum,
575 3292 698 3371 saepius
727 3290 889 3352 concitar':
913 3289 1048 3368 satisque

107 3394 278 3468 constabat,
306 3393 443 3455 saevisse
465 3391 615 3474 quosdam
643 3392 675 3452 in
700 3389 846 3473 conjuges
868 3407 905 3449 ac
925 3386 1048 3463 liberos,

108 3505 256 3576 tanquam
283 3494 510 3555 misererentur.
562 3489 726 3554 Proximus
754 3489 821 3552 dies
846 3488 959 3551 faciem
988 3489 1048 3551 vic-

111 3596 205 3658 toriae
219 3594 312 3657 latius
333 3593 471 3674 aperuit:
493 3604 616 3655 vastum
630 3591 744 3673 ubique
760 3590 924 3665 silentium,
941 3591 1050 3654 secreti

110 3695 216 3773 colles,
246 3693 397 3757 fumantia
432 3692 540 3774 procul
568 3703 657 3768 tecta,
687 3711 777 3756 nemo
813 3689 1050 3774 exploratoribus
