2526 4222
123 303 128 310 ·
180 265 220 325 54
510 281 541 323 c.
560 279 657 324 conn.
681 279 792 322 rrcrrr

181 430 342 494 laserviret.
386 425 562 492 Trebellius
584 427 660 512 fuga
681 449 718 490 ac
743 427 868 500 latebris
889 428 984 492 vitata
1006 447 1118 490 exetcr

181 544 229 594 tus
269 531 323 606 ira,
364 530 526 593 indecorus
567 543 658 612 atque
697 529 833 628 humilis,
873 531 1013 610 precario
1056 549 1131 591 mox

180 629 331 726 praefuit:
369 653 405 693 ac
433 605 518 694 velut
552 631 644 715 pacti,
674 605 826 693 exercitus
864 591 1033 706 licelrtiam‚
1067 629 1133 692 dux

181 713 330 808 saluteui;
346 744 385 799 et
401 731 549 794 seditio
524 753 590 798 sme
610 732 757 814 sanguine
775 732 869 794 stetit
912 729 984 794 Nec
1000 730 1132 794 Vettius

181 831 326 908 Bolanus,
354 831 549 896 manentibus
571 830 673 894 adhuc
698 831 840 894 civilibus
868 831 969 907 bellis,
986 831 1132 914 agitavit

181 933 369 998 Britanniam
397 934 583 1016 disciplina:
625 933 735 998 eadem
769 934 876 997 inertia
905 954 978 1016 erga
1005 933 1130 1006 hostes,

181 1035 290 1099 similis
326 1035 494 1118 petulantia
529 1047 723 1099 castrorum:
761 1035 821 1097 nisi
856 1033 939 1117 quod
974 1035 1132 1096 innocens

182 1137 318 1201 Bolanus
342 1151 373 1201 et
394 1138 486 1201 nullis
501 1137 621 1200 delictis
643 1137 771 1211 invisus,
787 1137 943 1199 caritatem
965 1146 1137 1228 paraverat

181 1239 250 1302 loco
265 1240 463 1303 auctoritatis.

224 1339 331 1404 XVII.
355 1341 428 1416 Sed,
451 1341 601 1403 obicum
628 1353 730 1403 cetero
743 1339 828 1418 ,orbe
851 1337 1067 1420 Vespasianus
1099 1348 1131 1399 et

182 1440 370 1504 Britanniam
381 1427 580 1522 recuperavit,
606 1442 712 1530 magni¹
728 1440 838 1524 duces,
862 1441 979 1536 egregii
1008 1439 1131 1502 exerci-

182 1556 242 1616 tus,
257 1543 376 1624 minpta
397 1541 532 1603 hostium
547 1563 630 1626 spes.
674 1541 718 1606 Et
731 1555 878 1605 terrorem
900 1543 1002 1630 statim
1022 1541 1131 1616 intulit

181 1641 311 1706 Petilius
338 1642 479 1724 Cerialis,
510 1641 690 1728 Brigantum
716 1645 881 1720 civitatem,
910 1665 990 1727 quae
1015 1663 1130 1708 nume·

181 1745 338 1807 rosissima
376 1746 550 1838 provinciae
591 1747 684 1809 totius
723 1747 909 1830 perhibemr,
945 1767 1127 1830 aggressus.

183 1845 282 1909 Multa
301 1835 428 1948 proelia,
445 1861 475 1912 et
490 1847 652 1946 aliquanclo
673 1869 735 1910 non
757 1849 935 1938 incruenta·
964 1869 1129 1951 magnam-

122 2019 125 2023 ,
181 1970 241 2032 que
271 1939 451 2034 Brigantum
487 1963 605 2032 partem
617 1957 672 2013 aut
685 1947 749 2012 vict
750 1948 817 2013 oria
832 1949 992 2067 amplexus
1008 1956 1056 2012 est
1072 1957 1129 2011 aut

182 2051 273 2114 bello.
317 2051 369 2128 Et,
386 2073 459 2114 cum
483 2051 614 2114 Cerialis
636 2015 762 2135 quidem
784 2047 840 2114 al
815 2063 910 2122 enus
925 2031 1127 2128 successoris

183 2174 288 2216 curam
310 2123 486 2235 famamque
509 2131 670 2239 obruisset,
695 2141 839 2216 sustinuit
860 2173 983 2235 quoque
1009 2151 1124 2231 molem

182 2227 285 2317 Julius
308 2253 481 2329 Frontinus,
504 2255 550 2317 vir
575 2276 706 2338 magnus
729 2241 877 2337 quantum
904 2253 1026 2330 licebat,
1048 2254 1112 2329 vali

182 2355 314 2437 dumque
330 2365 360 2416 et
374 2377 549 2439 pugnacem
572 2355 710 2420 Silurum
731 2369 856 2440 gentem
877 2356 970 2418 armis
989 2355 1124 2438 subegit,

183 2477 275 2536 super
296 2457 440 2540 virtutem
461 2456 606 2544 hostium,
622 2458 759 2522 locorum
782 2479 904 2542 quoque
926 2455 1126 2519 difficultates

183 2558 344 2639 el.uctat,us

225 2657 349 2724 XVII.
323 2659 487 2752 ΙΗιιιιςΛ
518 2660 693 2740 Britanniae
729 2674 851 2739 statum,
881 2660 937 2728 has
972 2659 1126 2722 bellorum

184 2763 271 2824 vices
282 2763 412 2826 media
401 2784 466 2847 Jam
480 2776 595 2826 aestate
615 2776 824 2847 transgressus
840 2761 1007 2846 Agricola
999 2762 1125 2836 invenit,

184 2885 256 2926 cum
265 2876 302 2941 et
304 2864 439 2942 milites,
455 2864 541 2926 velut
562 2865 677 2945 omissa
699 2865 901 2958 expeditione,
917 2835 956 2926 ad
971 2864 1127 2954 securita-

183 2977 256 3037 tem,
274 2975 304 3024 et
318 2963 422 3025 hostes
438 2946 476 3024 atl
492 2965 687 3050 occasionem
701 2978 898 3036 verterentur.
936 2963 1127 3028 Ordovicum

183 3063 301 3142 civitaS,
333 3050 415 3125 haud
443 3063 540 3158 multo
569 3076 639 3126 ante
608 3065 838 3135 tadventum
866 3067 943 3150 ejus,
973 3065 1101 3147 alam,
1093 3086 1127 3128 ιιι

184 3164 297 3227 finibus
327 3166 392 3228 suis
423 3177 574 3252 agentem,
604 3188 699 3252 prope
735 3169 911 3236 universam
940 3166 1015 3229 obt
980 3178 1036 3228 trrv
1195 3241 1199 3252 μ

184 3287 287 3352 eoque
312 3269 367 3331 init
369 3269 408 3332 ιο
435 3280 537 3361 erecta
571 3272 751 3366 provincia:
791 3250 973 3372 atquibus
1008 3155 1127 3330 beellirlri

185 3368 285 3431 volent
287 3369 356 3432 ibus
379 3383 452 3454 crat,
468 3333 594 3456 piobape
618 3361 803 3452 exemplum,
820 3393 856 3434 ac
864 3347 1010 3450 recentis
1032 3367 1127 3452 legati

184 3451 321 3531 animum
350 3475 488 3572 opperiri,
533 3492 602 3536 cum
641 3473 794 3556 Agricola,
825 3473 1002 3585 quanquam
1029 3480 1128 3531 trans-

186 3580 271 3631 vecta
282 3579 348 3629 aest
350 3589 393 3660 as,
408 3566 505 3653 sparsi
519 3593 575 3652 per
585 3575 773 3660 provinciam
787 3574 918 3668 numeri,
929 3582 1128 3683 praesumpta

186 3666 265 3746 apud
301 3631 430 3730 militem
459 3671 541 3732 illios
577 3673 647 3744 anni
677 3675 775 3753 quies.
805 3673 912 3756 tarda
920 3685 950 3779 et
979 3673 1128 3748 contrario
