2552 4228
457 331 498 375 nu
523 333 703 379 GERMANIA.
1010 325 1050 383 25

110 478 194 562 Ignis
208 475 389 553 remedium,
403 476 468 539 sive
484 477 604 540 inscitia
618 474 797 540 aedificandi
845 473 895 539 Ne
910 495 1051 540 caemen-

110 593 214 642 torum
228 578 356 662 quidem
369 577 452 659 apud
465 578 535 640 illos
550 589 603 642 aut
617 578 789 662 tegularum
803 597 880 642 usus
894 599 902 640 :
925 578 1051 642 materia

110 681 152 744 ad
175 681 278 744 omnia
300 691 426 742 utuntur
447 679 569 743 informi
584 691 615 742 et
628 681 704 743 citra
725 681 863 765 speciem
884 691 936 742 aut
950 679 1051 742 delec-

111 783 270 848 tationem.
314 779 477 854 Quaedam
498 780 567 843 loca
581 780 758 866 diligentius
780 781 900 845 illinunt
917 794 996 844 terra
1010 781 1052 844 ita

111 903 191 966 pura
204 903 241 947 ac
256 881 444 964 splendente,
458 893 492 945 ut
502 883 653 964 picturam
667 904 704 946 ae
718 883 901 947 lineamenta
915 881 1052 946 colorum

111 985 260 1048 imitetur.
304 981 413 1045 Solent
426 992 458 1044 et
471 982 685 1046 subterraneos
707 1005 820 1066 specus
842 984 968 1066 aperire,
985 1004 1051 1045 eos·

111 1105 176 1169 que
209 1083 306 1148 multo
338 1085 465 1169 insuper
492 1084 566 1147 fimo
595 1095 729 1162 onerant,
760 1085 930 1169 suffugium
958 1084 1051 1148 hiemi

112 1199 146 1250 et
172 1180 402 1267 receptaculum
430 1183 597 1270 frugibus:
634 1187 707 1269 quia
740 1187 874 1269 rigorem
906 1185 1053 1269 frigorum

112 1286 266 1375 ejusmodi
287 1286 365 1350 locis
378 1285 539 1350 molliuntr
562 1298 603 1364 et,
620 1286 783 1371 siquando
802 1286 900 1350 hostis
922 1287 1052 1364 advenit,

112 1400 220 1474 aperta
240 1387 411 1470 populatur,
434 1386 537 1451 abdita
565 1399 669 1451 autem
691 1399 721 1451 et
743 1387 866 1452 defossa
894 1401 947 1452 aut
969 1389 1054 1472 igno-

112 1502 227 1566 rantur,
244 1501 298 1553 aut
310 1509 348 1552 eo
362 1490 430 1571 ipso
444 1487 562 1567 fallunt,
578 1489 662 1573 quod
676 1490 850 1574 quaerenda
864 1503 945 1554 sunt.

157 1589 265 1655 XVII.
287 1589 453 1674 Tegumen
481 1591 624 1655 omnibus
653 1613 774 1676 sagum,
800 1592 905 1669 fibula,
936 1603 998 1668 aut,
1027 1591 1053 1656 si

114 1693 205 1770 desit,
222 1693 309 1774 spina
329 1703 525 1755 consertum:
549 1704 650 1756 cetera
671 1693 776 1757 intecti
789 1705 868 1758 totos
883 1694 950 1758 dies
968 1693 1055 1780 juxte

114 1796 220 1858 focum
234 1805 326 1878 atque
349 1794 453 1877 ignem
474 1804 579 1877 agunt.
625 1791 875 1876 Locupletissimi
889 1808 975 1859 veste
993 1795 1054 1858 dis-

115 1899 307 1980 tinguuntur,
327 1916 389 1958 non
415 1894 565 1970 fluitante,
586 1895 668 1958 sicut
690 1895 848 1958 Sarmatae
873 1917 910 1958 ac
937 1894 1054 1970 Parthi,

116 1998 172 2062 sed
199 1997 304 2062 stricta
324 2007 356 2060 et
377 1996 514 2081 singulos
537 2007 620 2060 artus
642 1997 840 2078 exprimente.
885 1995 1005 2059 Gerunt
1026 2007 1056 2059 et

116 2100 251 2163 ferarum
272 2097 380 2184 pelles,
404 2098 535 2179 proximi
563 2097 648 2183 ripae
673 2097 872 2183 negligenter,
896 2097 1056 2162 ulteriores

117 2200 311 2285 exquisitius,
332 2210 368 2263 ut
389 2199 502 2283 quibus
530 2199 634 2262 nullus
661 2220 716 2282 per
737 2199 922 2266 commercia
943 2199 1056 2264 cultus.

118 2301 249 2387 Eligunt
262 2301 354 2378 feras,
377 2311 408 2364 et
429 2300 565 2364 detracta
581 2300 734 2364 velamina
755 2313 901 2388 spargunt
926 2301 1056 2365 maculis

116 2403 312 2486 pellibusque
333 2401 515 2478 belluarum,
538 2421 616 2484 quas
645 2402 775 2466 exterior
797 2401 941 2466 Oceanus
965 2415 1057 2487 atque

118 2507 258 2589 ignotum
277 2522 362 2566 mare
384 2503 491 2586 gignit.
535 2500 605 2566 Nee
626 2503 705 2567 alius
726 2503 850 2566 feminis
870 2525 963 2588 quam
984 2504 1058 2567 viris

118 2606 251 2682 babitus,
273 2605 334 2668 nisi
361 2603 444 2687 quod
464 2603 597 2666 feminae
626 2605 748 2686 saepius
776 2603 866 2668 lineis
894 2604 1057 2670 amictibus

119 2708 268 2783 velantur,
288 2725 403 2789 eosque
424 2727 559 2792 purpura
579 2707 705 2783 variant,
727 2717 907 2789 partemque
928 2707 1059 2770 restitus

120 2804 286 2891 superioris
301 2807 333 2870 iu
346 2807 484 2870 manicas
498 2827 560 2869 non
580 2806 755 2884 extendunt,
770 2802 870 2870 nudae
884 2805 1009 2869 brachia
1023 2828 1060 2869 ac

121 2910 271 2972 lacertos:
296 2905 352 2970 sed
365 2918 397 2971 et
409 2909 547 2988 proxima
560 2929 630 2990 pars
644 2908 777 2990 pectoris
790 2920 886 2991 patet.

163 3006 289 3074 XVIII.
319 3008 507 3092 Quanquam
535 3029 642 3072 severa
670 3009 733 3074 illie
760 3011 974 3089 matrimonia;
1004 3033 1061 3075 nec

121 3075 360 3176 ulffimm
388 3122 507 3192 partem
535 3111 635 3194 magis
660 3110 852 3176 laudaveris:
875 3135 946 3177 nam
968 3135 1062 3194 prope

123 3214 179 3277 soli
200 3211 400 3276 barbarorum
429 3211 559 3295 singulis
583 3213 730 3276 uxoribus
752 3215 885 3277 conteuti
908 3226 988 3288 sunt,
1012 3234 1061 3274 ex-

124 3315 219 3396 ceptis
257 3311 424 3376 admodum
458 3314 577 3395 paucis,
605 3314 658 3396 qui
686 3334 747 3375 non
775 3311 910 3388 libidine,
941 3310 995 3374 sed
1026 3312 1061 3374 ob

124 3415 323 3491 nobilitatem,
341 3413 483 3498 plurimis
505 3415 618 3495 nuptiis
641 3411 842 3476 ambiuntur.¹
869 3409 984 3475 Dotem
1004 3433 1065 3476 non

127 3537 200 3580 uxor
234 3516 354 3592 marito,
384 3514 441 3577 sed
475 3516 562 3578 uxori
597 3513 724 3578 maritus
761 3512 859 3576 offert.
911 3513 1067 3578 Intersunt

127 3629 266 3709 parentes
293 3628 324 3679 et
351 3616 523 3700 propinqui,
547 3637 583 3679 ac
611 3633 739 3678 munera
763 3615 910 3699 probant:
940 3637 1068 3680 munera

18 3793 19 3802 χ
129 3717 247 3782 non'ad
268 3716 396 3780 delicias
418 3716 585 3780 muliebres
608 3717 756 3799 quaesita,
778 3738 836 3781 nee
856 3719 968 3800 quibus
990 3734 1067 3777 nora

424 3811 442 3862 8
