2552 4228
219 277 258 338 26
526 293 556 334 c.
581 293 676 335 coar.
700 291 837 335 racrroo

216 449 310 518 nupta
345 452 500 502 comatur:
536 439 591 503 sed
619 440 712 502 boves
742 451 773 502 et
797 439 950 502 frenatum
978 459 1095 522 equum
1126 449 1157 504 et

216 549 339 601 scutum
353 559 426 602 cum
440 539 557 602 framea
575 540 748 623 gladioque.
792 540 830 603 In
843 539 921 604 haec
935 561 1063 603 munera
1077 562 1175 604 arnor.
1245 529 1247 532 ⁵

215 639 380 722 accipitur;
408 651 499 723 atque
522 640 656 704 invicem
684 642 752 722 ipsa
774 661 928 703 armorum
951 639 1066 722 aliquid
1088 662 1158 702 viro

214 739 323 803 affert:
346 739 405 803 hoc
429 742 600 805 maximum
624 741 792 814 vinculum,
817 740 894 804 haec
919 762 1029 804 arcana
1055 761 1157 817 sacra,

214 840 270 904 bos
292 841 468 926 conjugales
490 841 565 904 deos
587 842 777 904 arbitrantur.
820 840 871 904 Ne
887 863 921 904 sc
936 841 1046 904 mulier
1068 853 1156 904 extra

214 943 367 1020 virtutum,
381 943 580 1026 cogitationes
603 955 747 1026 extraque
768 943 919 1006 bellorum
940 963 1032 1022 casus
1053 953 1155 1026 putet,

215 1043 289 1122 ipsis
330 1043 502 1124 incipientis
545 1044 729 1107 matrimonii
771 1044 918 1125 auspiciis
962 1042 1154 1124 admonetur,

215 1144 316 1206 venire
346 1165 379 1206 se
403 1144 542 1209 laborum
569 1145 837 1230 periculorumque
867 1145 991 1220 sociam,
1016 1143 1099 1206 idem
1121 1145 1156 1206 in

214 1266 301 1328 pace,
332 1245 415 1309 idem
443 1246 474 1308 in
502 1246 617 1327 proelio
645 1267 807 1330 passuram
835 1266 1062 1328 ausuramque:
1093 1243 1155 1308 hoc

219 1347 317 1430 juncti
338 1347 444 1424 borea,
467 1346 526 1410 boc
547 1359 670 1428 paratus
693 1367 803 1430 equus,
822 1346 881 1409 hoc
902 1345 972 1410 data
993 1367 1077 1408 arma
1099 1345 1155 1409 de·

213 1448 371 1524 nuntiant;
395 1449 441 1509 sic
455 1447 630 1524 vivendum,
646 1448 692 1509 sic
706 1447 918 1528 pereundum:
942 1447 1082 1532 accipere
1106 1469 1154 1525 se,

214 1568 293 1630 quae
322 1547 426 1609 liberis
455 1546 598 1610 inviolata
626 1569 663 1610 ac
688 1547 781 1631 digna
809 1548 925 1625 reddat,
948 1570 1027 1632 quae
1055 1570 1154 1612 nurus

213 1649 364 1729 accipiant
384 1668 500 1724 rursus,
523 1668 603 1731 quae
624 1647 664 1711 ad
683 1661 811 1731 nepotes
836 1649 1014 1713 referantur.

255 1746 346 1811 XIX.
368 1745 453 1831 Ergo
476 1762 562 1831 septa
582 1749 730 1830 pudicitia
751 1762 855 1834 agtmt,
878 1751 971 1814 nullis
992 1763 1154 1832 spectacu-

213 1849 312 1914 lorum
349 1850 512 1928 illeoebris,
548 1850 641 1915 nullis
684 1852 893 1928 conviviorum
935 1853 1153 1916 irritationibus

214 1965 381 2035 corruptae.
427 1950 625 2034 Litterarum
635 1966 753 2016 secreta
766 1954 823 2017 viri
842 1955 955 2034 pariter
968 1975 1005 2016 ac
1018 1953 1153 2018 feminae

213 2055 360 2138 ignorant.
403 2052 599 2117 Paucissima
627 2055 659 2117 in
679 2066 743 2117 tam
767 2075 931 2118 numerosa
944 2070 945 2076 ’
952 2066 1044 2138 gente
1066 2055 1153 2119 adul-

213 2155 309 2230 teria;
339 2175 470 2237 quorum
497 2174 596 2238 poena
627 2175 779 2234 praesens
795 2167 826 2218 et
847 2156 968 2239 meantis¹
990 2155 1153 2236 permissa.

212 2256 334 2318 Accisis
357 2255 502 2330 crinibus,
516 2254 680 2336 nudatam,
700 2277 804 2320 coram
824 2257 1012 2342 propinqum,
1029 2257 1154 2337 expellit

213 2355 304 2418 domo
331 2357 469 2430 maritus,
492 2376 529 2418 ac
554 2377 760 2440 peromnem
785 2358 890 2421 vicum
910 2357 1037 2421 verbere
1066 2359 1152 2441 agit:

211 2455 384 2537 publicatae
413 2457 496 2520 enim
523 2457 687 2538 pudicitiae
716 2459 801 2522 nulla
821 2460 931 2522 venia:
962 2447 1022 2521 noir
1043 2458 1151 2535 forma,

212 2579 273 2619 non
301 2569 409 2636 aetate,
437 2581 498 2622 non
528 2559 636 2640 opibus
664 2562 809 2624 maritum
837 2561 995 2624 invenerit.
1048 2558 1153 2624 Nemo

213 2659 296 2722 enim
317 2659 380 2723 illic
401 2662 475 2724 vitia
501 2661 598 2724 ridet:
628 2682 687 2724 nec
716 2682 909 2743 cormmpere
939 2674 970 2724 et
998 2663 1153 2742 corrumpi

213 2760 374 2824 saeculum
396 2757 547 2825 vocatum
579 2761 691 2830 Melius
718 2762 844 2845 quidem
866 2761 967 2824 adhuc
997 2783 1051 2824 eae
1078 2762 1153 2824 civi-

213 2873 301 2937 tates,
324 2863 489 2945 inquibus
512 2873 629 2925 tantum
643 2864 776 2944 virgines
798 2862 927 2934 nubunt,
944 2873 975 2923 et
996 2883 1071 2926 eum
1097 2884 1153 2943 spe

213 2972 344 3043 votoque
359 2963 462 3023 uxoris
478 2961 575 3023 semel
589 2963 773 3044 transigitur.
818 2961 872 3024 Sic
886 2964 1153 3045 unumaccipiunt

204 3045 366 3143 'maritum
381 3081 443 3141 quo
464 3059 556 3124 modo
569 3081 666 3124 unum
689 3082 800 3146 corpus
822 3081 977 3145 unamque
992 3064 1097 3141 vitam,
1113 3086 1153 3127 ne

213 3161 276 3226 ulla
311 3161 455 3244 cogitatio
489 3159 577 3236 ultra,
606 3181 645 3222 ne
673 3160 791 3245 longior
826 3163 989 3247 cupiditas,
1019 3185 1058 3226 ne
1087 3176 1153 3228 tan-

150 3280 152 3284 ·
214 3285 307 3348 qnam
334 3262 487 3338 maritum,
518 3259 573 3323 sed
599 3273 745 3345 tanquam
781 3265 1021 3336 matrimonium,
1038 3277 1142 3328 ament

214 3364 390 3429 Numerum
409 3363 574 3428 liberorum
588 3363 685 3439 finire,
701 3375 754 3428 aut
775 3387 951 3450 quenquam
973 3387 1012 3429 ex
1033 3369 1150 3449 agnatis

214 3486 333 3543 necare,
360 3467 510 3549 flagitium
539 3464 687 3528 habetur:
716 3467 849 3551 plusque
879 3469 921 3531 ibi
949 3468 1021 3530 boni
1050 3488 1151 3530 mores

216 3567 324 3640 valent,
340 3585 434 3650 quam
449 3567 521 3629 alibi
534 3566 633 3629 bonae
649 3566 745 3650 leges

256 3666 331 3731 XX.
354 3667 390 3729 In
406 3669 487 3730 omni
502 3667 592 3730 domo
611 3669 685 3732 nudi
702 3691 738 3732 ac
754 3670 877 3746 sordidi,
893 3672 924 3732 in
939 3670 995 3732 hos
1011 3682 1103 3748 artus,
1121 3673 1149 3732 in
