2526 4222
217 279 260 340 70
542 295 572 338 c.
596 293 692 336 canu.
718 291 825 335 morri

219 443 274 507 sed
295 442 334 506 dc
356 442 490 506 bibernis
516 441 673 526 legionum
697 452 728 503 et
752 441 952 522 possessione
976 440 1150 506 dubitatum

219 544 275 621 lta,
296 565 368 608 cum
390 543 502 606 damna
522 542 642 605 damnis
664 543 913 605 continuarentur
941 556 1033 626 atque
1059 543 1159 606 omnis

218 667 315 708 annus
337 643 497 708 funeribus
520 655 551 706 et
572 642 710 706 cladibus
739 643 946 725 insigniretur,
976 637 1161 725 poscebatur

218 767 270 810 ore
285 746 369 830 vulgi
391 745 455 808 dux
475 742 638 827 Agricola:
662 744 910 828 comparantibus
932 747 1053 808 cunctis
1073 745 1160 828 rigo=

218 869 293 921 rom,
323 846 525 909 constantiam
553 856 585 907 et
613 857 772 925 expertum
799 844 890 908 bellis
919 847 1059 909 animum
1086 867 1160 909 cum

218 949 326 1012 inertia
351 959 382 1010 et
403 945 565 1010 formidine
591 957 772 1009 ceterorum.
817 944 941 1020 Quibus
966 947 1159 1010 sermonibus

219 1049 293 1112 satis
308 1059 427 1120 constat
445 1045 613 1110 Domitiani
634 1067 756 1130 quoque
779 1067 869 1109 aures
883 1047 1070 1123 verberatas,
1085 1047 1160 1110 dum

221 1153 353 1233 optimus
382 1149 512 1233 quisque
540 1147 718 1211 libertorum
746 1169 848 1232 amoro
878 1161 922 1210 et·
937 1147 1010 1224 fide,
1033 1147 1160 1230 pessimi

220 1253 407 1338 malignitate
433 1261 463 1314 et
487 1249 591 1326 livore,
613 1269 743 1330 pronum
765 1248 966 1312 deterioribus
992 1251 1159 1331 principem

221 1353 464 1418 exstimulabant.
510 1351 565 1414 Sic
593 1350 737 1433 Agricola
771 1351 864 1414 simul
892 1352 957 1414 suis
986 1351 1159 1426 virtutibus,

222 1455 314 1517 simul
335 1454 417 1516 vitiis
438 1451 578 1526 aliorum,
594 1451 626 1513 in
647 1450 747 1531 ipsam
768 1449 897 1530 gloriam
918 1449 1162 1536 praeceps‘agc·

220 1555 318 1616 batur.

261 1650 357 1714 XLII.
400 1652 516 1716 Aderat
553 1653 618 1737 jam
663 1675 772 1731 annus,
816 1677 877 1738 quo
911 1655 1162 1736 proconsulatum

221 1755 315 1819 Asiae
338 1767 369 1819 et
390 1754 515 1818 Africae
545 1756 710 1832 sortiretur,
734 1769 764 1818 et
793 1757 896 1818 occiso
926 1755 1036 1820 Civica
1061 1777 1161 1841 nuper

221 1879 280 1922 nec
293 1856 456 1942 Agricolae
478 1857 641 1920 consilium
656 1857 769 1933 deerat,
785 1856 1038 1940 necDomitiano
1060 1879 1163 1921 exem·

221 1961 319 2043 plum.
347 1985 352 1994 ·
376 1960 547 2023 Accessere
587 1957 730 2042 quidam
754 1960 973 2042 cogitationum
1015 1961 1162 2041 principis

222 2064 322 2149 periti,
345 2062 408 2144 qui,
431 2062 568 2124 iturusne
596 2072 678 2123 esset
699 2061 731 2122 in
751 2062 948 2142 provinciam,
971 2061 1052 2125 ultro
1074 2061 1164 2146 Agri·

223 2165 327 2228 colam
347 2163 583 2245 interrogarent:
607 2183 643 2224 ac
664 2162 763 2245 primo
793 2162 943 2225 occultius
966 2163 1106 2245 quietern
1134 2173 1164 2224 et

224 2264 320 2326 otium
355 2261 490 2338 laudare,
519 2283 592 2325 mox
627 2283 751 2346 operam
788 2283 877 2326 suam
904 2263 937 2325 in
967 2263 1164 2347 approbanda

224 2363 419 2426 excusatione
446 2363 573 2434 offerre:
596 2375 750 2445 postremo
774 2385 837 2426 non
858 2363 921 2448 jam
942 2363 1076 2442 obscuri,
1094 2387 1163 2429 sua·
1240 2433 1241 2446 χ

222 2463 330 2527 dentes
345 2463 438 2526 simul
459 2476 674 2547 terrentesque,
689 2478 862 2546 pertraxere
877 2465 916 2528 ad
929 2465 1163 2544 Domitianum
1240 2451 1241 2506 l

224 2567 274 2651 qui
305 2573 436 2653 paratus
453 2567 663 2643 simulatione,
678 2566 710 2630 in
731 2568 948 2651 arrogantiam
961 2569 1163 2649 compositus,

225 2682 256 2733 et
283 2669 379 2733 audiit
406 2691 514 2752 preces
543 2670 727 2745 excusantis,
752 2682 791 2744 et,
822 2691 894 2732 cum
922 2670 1091 2746 annuisset,
1114 2672 1165 2754 agi
1240 2665 1241 2740 l

225 2773 283 2836 sibi
297 2773 410 2856 gratias
432 2793 544 2856 passus
566 2784 634 2835 est:
658 2793 717 2834 nec
738 2772 860 2834 erubuit
880 2772 1023 2834 beneficii
1038 2773 1164 2836 invidia.

226 2874 378 2936 Salarium
400 2885 513 2946 tamen,
535 2872 742 2952 proconsulari
772 2873 896 2936 solitum
921 2871 1022 2935 offerri
1044 2885 1075 2935 et
1097 2875 1166 2956 qui·

225 2973 354 3034 busdam
383 2993 402 3032 a
430 2993 463 3032 se
486 2973 553 3051 ipso
575 2981 768 3050 concessum,
791 2974 953 3058 Agricolae
975 2974 1164 3038 nondedit:

224 3073 288 3134 siue
319 3070 454 3133 offensus
483 3091 544 3133 non
571 3073 711 3151 petitum,
735 3076 800 3137 sive
831 3097 868 3138 ex
893 3076 1090 3152 conscientia,
1113 3098 1165 3153 ne,

225 3173 307 3258 quod
327 3184 474 3248 vetuerat,
497 3171 651 3236 videretur
680 3176 803 3238 emisse.
847 3175 1010 3258 Proprium
1038 3175 1166 3240 humani
1240 3215 1241 3240 r

224 3275 338 3360 ingenii
368 3285 424 3346 est,
455 3273 556 3337 odisse
586 3295 680 3357 quem
707 3275 858 3340 laeseris:
896 3276 1063 3340 Domitiani
1091 3300 1166 3342 vero
1240 3307 1241 3316 ¹

225 3390 331 3438 natura
352 3397 499 3456 praeceps
522 3377 554 3439 in
574 3378 659 3453 iram,
677 3391 708 3440 et
722 3400 783 3461 quo
807 3379 973 3456 obscurior,
992 3400 1030 3441 eo
1052 3381 1189 3447 irrevo·.

226 3476 369 3548 cabilior,
388 3476 593 3539 moderatione
621 3489 724 3540 tamen
751 3479 971 3562 prudentiaque
1000 3481 1165 3562 Agricolae

226 3561 413 3640 leniebatur:
444 3577 516 3654 quia
538 3597 597 3637 non
620 3581 812 3640 contumacia
834 3601 934 3662 neque
963 3583 1044 3644 inani
1057 3582 1169 3666 'jacta-

226 3673 304 3732 tione
327 3671 475 3730 libertatis
493 3673 606 3732 samam
629 3673 786 3754 fatumque
808 3682 1001 3754 provocabat.
1046 3681 1165 3749 Sciant.
