2552 4228
196 285 238 344 ³4
505 299 535 340 c.
560 297 656 340 comt.
678 296 814 339 merrus

197 469 262 523 seu,
289 446 434 530 quicquid
459 446 573 529 ubique
599 444 798 528 magnificum
823 456 879 520 est,
907 444 938 506 in
963 445 1132 510 claritatem

198 549 263 633 ejus
277 545 389 610 referre
409 546 633 608 consensimus,
676 543 747 607 Nec
761 544 859 607 defuit
873 544 1016 608 audentia
1030 544 1132 608 Druso

198 649 402 711 Germanico:
426 646 481 709 sed
504 647 618 708 obstitit
634 645 778 708 Oceanus
793 647 824 709 in
839 667 872 707 se
888 645 980 708 simul
997 659 1089 729 atque
1103 648 1133 709 in

198 749 368 814 Herculem
390 748 510 831 inquiri.
556 745 632 809 Mox
652 767 743 809 nemo
765 747 912 822 tentarit;
936 749 1132 830 sanctiusque

198 873 233 914 ac
258 850 446 913 reverentius
469 849 580 924 visum,
595 846 634 910 de
649 847 725 910 actis
740 847 866 910 deorum
889 846 1132 930 credere,quam

198 953 286 1015 scire.

239 1048 369 1113 XXXV.
392 1051 553 1116 Hactenus
567 1052 600 1114 in
615 1049 816 1114 Occidentem
833 1049 1031 1113 Germaniam
1052 1053 1133 1114 novi·

199 1177 279 1219 mue.
316 1153 353 1216 In
369 1154 613 1235 Septentrionem
627 1151 741 1235 ingenti
753 1151 836 1214 flexu
849 1149 937 1213 redit.
974 1151 1023 1213 Ac
1037 1153 1133 1232 primo

200 1257 301 1319 statim
326 1254 523 1318 Chaucorum
544 1274 630 1336 gene,
646 1272 822 1335 quanquam
843 1251 966 1330 incipiat
988 1272 1007 1313 a
1028 1249 1133 1315 Frisiis

200 1378 236 1419 ac
265 1369 382 1441 partem
409 1356 517 1419 littoris
547 1365 686 1434 occupet,
717 1353 863 1428 omnium,
893 1373 970 1434 quas
997 1358 1130 1434 exposui,

200 1459 338 1540 gentium
363 1455 508 1526 lateribus
531 1454 712 1530 obtenditur,
728 1452 825 1516 donec
848 1454 880 1516 in
896 1455 1020 1516 Chattos
1037 1476 1134 1538 usquc
1204 1473 1208 1477 ·

201 1558 348 1619 sinuetur.
402 1555 484 1617 Tam
518 1555 705 1617 immensum
732 1567 879 1617 terrarum
915 1555 1049 1634 spatium
1077 1578 1134 1618 non

202 1667 304 1720 tenent
318 1668 436 1719 tanturn
460 1656 590 1733 Chauci,
606 1655 662 1719 sed
683 1667 714 1718 et
735 1655 882 1739 implent:
905 1655 1038 1736 populus
1061 1659 1135 1719 inter

203 1745 373 1820 Germanos
397 1757 618 1833 nobilissimus,
644 1758 757 1840 quique
781 1757 1023 1840 magnitudinem
1049 1781 1133 1820 suain

203 1859 287 1924 malit
308 1859 426 1944 justitia
450 1860 548 1923 tueri:
573 1860 637 1922 sine
661 1858 836 1943 cupiditate,
860 1859 925 1921 sine
948 1860 1132 1940 impotentia,

202 1963 297 2046 quieti
313 1963 494 2044 secretique,
509 1961 592 2025 nulla
606 1972 771 2045 provocant
788 1959 878 2036 bella,
893 1960 985 2022 nullis
1000 1962 1133 2042 raptibus

202 2076 254 2127 aut
268 2063 432 2126 latrociniis
456 2062 648 2142 populantur.
704 2057 745 2122 Id
782 2057 984 2141 praecipuum
1017 2062 1134 2124 virtutis

202 2187 238 2226 ac
252 2165 364 2226 virium
385 2173 600 2245 argumentum
620 2173 676 2237 est,
692 2161 783 2245 quod,
799 2176 833 2224 ut
848 2163 1020 2246 superiores
1035 2174 1133 2246 agant,

202 2287 263 2326 non
276 2285 331 2344 per
352 2262 475 2346 injurias
498 2274 711 2346 assequuntur.
755 2262 903 2347 Prompta
924 2274 1026 2325 tamen
1042 2264 1135 2326 omni·

202 2364 260 2428 bus
294 2385 387 2439 arma,
416 2384 463 2438 ac,
494 2365 520 2426 si
547 2385 597 2426 res
632 2376 748 2444 poscat,
778 2365 940 2439 exercitus,
969 2365 1135 2444 plurimum

202 2467 334 2528 virorum
350 2485 578 2548 equorumque:
602 2479 633 2527 et
647 2465 875 2548 quiescentibus
891 2465 999 2528 eadem
1013 2463 1105 2528 sarria.

243 2562 388 2627 XXXVI.
438 2566 475 2629 In
523 2566 617 2631 latere
669 2566 866 2630 Chaucorum
901 2569 1135 2650 Chattorumque

206 2668 356 2732 Cherusci
378 2669 504 2734 nimiam
519 2691 554 2733 ac
576 2681 763 2732 marcentem
771 2668 829 2730 diu
850 2689 960 2748 pacem
981 2668 1136 2731 illucessiti

203 2773 391 2849 nutrierunt;
414 2772 506 2848 idque
524 2771 702 2851 jucundius,
723 2792 816 2853 quam
838 2771 943 2845 tutiuS,
966 2769 1043 2832 fuit:
1067 2771 1136 2853 quia

204 2879 280 2936 inter
302 2879 483 2952 impotentes
506 2885 537 2934 et
551 2872 667 2935 validos
682 2871 760 2934 salso
783 2873 945 2954 quiescas;
969 2872 1022 2934 ubi
1045 2893 1136 2934 manu

204 2975 312 3057 agitur,
337 2971 487 3035 modestia
508 2993 545 3034 ac
566 2973 699 3054 probitas
726 2973 849 3034 nomina
871 2973 1035 3056 superioris
1058 2985 1136 3035 sunt.

208 3075 260 3147 Ita,
276 3073 329 3154 qui
345 3072 417 3134 olim
432 3072 503 3133 boni
526 3073 678 3154 aequique
695 3071 856 3148 Cherusci,
872 3095 954 3136 nunc
965 3089 966 3094 ’
976 3074 1088 3136 inertes
1104 3096 1137 3135 ao

204 3175 287 3238 stulti
313 3173 795 3236 vocantur:Chattisvictoribus
820 3173 939 3236 fortuna
964 3175 995 3236 in
1013 3176 1137 3255 'sepien-

204 3279 276 3341 tiam
299 3277 402 3340 cessit.
447 3274 553 3338 Tracti
575 3276 661 3339 ruina
681 3273 910 3338 Cheruscorum
924 3287 955 3338 et
969 3274 1052 3352 Fosi,
1069 3299 1138 3338 con·

205 3380 332 3440 termina
353 3399 439 3461 gens,
455 3377 651 3440 adversarum
672 3398 775 3439 rerum
790 3398 827 3439 ex
842 3397 941 3460 aequo
966 3377 1051 3453 socii,
1068 3398 1138 3440 oum

205 3479 235 3538 in
251 3478 394 3539 secundis
410 3480 542 3540 minores
557 3478 697 3541 fuissent.

245 3573 403 3634 XXXVII.
455 3577 600 3641 Eundem
643 3577 825 3641 Germaniae
869 3582 969 3641 sinum
1012 3581 1138 3660 proximi

206 3679 331 3742 Oceano
362 3676 480 3739 Cimbri
508 3692 620 3752 tenent,
636 3658 728 3757 parva
746 3699 826 3740 nunc
842 3680 958 3753 civitas,
976 3681 1031 3742 sed
1045 3684 1137 3764 gloria
