2552 4228
498 313 538 360 DE
562 315 742 361 canuam.
1045 309 1084 368 27

147 483 225 525 naec
238 483 375 546 corpora,
392 483 472 545 quae
491 464 647 539 miramur,
664 479 855 530 excrescunt.
899 467 964 532 Sua
978 491 1083 552 quem·

145 585 206 646 que
232 575 331 626 mater
357 562 505 627 uberibus
531 563 593 640 alit,
615 586 674 628 nec
702 564 821 630 ancillis
850 589 887 631 ac
915 565 1084 636 nutricibus

144 665 335 749 delegantur.
378 662 549 728 Dominum
570 687 607 728 ac
629 687 752 730 servum
779 668 872 732 nullis
894 670 1082 736 educationis

143 765 265 828 deliciis
292 764 480 849 dignoscas:
517 767 595 829 inter
628 767 737 830 eadem
764 790 884 849 pecora,
914 773 946 834 in
975 773 1082 838 eadem

144 867 239 930 humo
261 867 398 950 degunt3
427 866 525 930 doueo
546 880 630 931 aetas
656 883 776 951 separet
804 873 962 955 ingenuos,
985 877 1081 939 virtus

143 980 300 1052 agnoscat.
344 967 423 1052 §era
446 967 596 1051 juvenum
617 969 746 1048 Venus;
776 993 874 1055 eoque
903 975 1082 1040 inexhausta

142 1070 307 1150 pubertas:
337 1090 396 1132 nec
427 1070 560 1154 virgines
582 1069 781 1150 festinantur;
811 1074 919 1137 eadem
944 1075 1079 1159 juventa,

142 1170 252 1233 similis
279 1172 467 1251 proceritas:
496 1192 586 1255 pares
614 1171 793 1256 validaeque
826 1176 1014 1254 miscentur;
1044 1199 1079 1241 ac

141 1271 250 1334 robora
270 1285 430 1352 parentum
447 1271 535 1335 liberi
555 1271 701 1336 referunt.
746 1273 892 1338 Sororum
906 1275 977 1339 filiis
999 1277 1081 1342 idem

130 1373 224 1454 'apud
249 1374 446 1451 avunculum,
478 1373 534 1458 qui
567 1374 608 1438 ad
641 1383 764 1460 patrem
796 1374 900 1440 honor.
944 1377 1080 1452 Quidam

140 1476 325 1538 sanctiorem
346 1477 568 1559 arctioremque
590 1475 671 1540 hunc
692 1498 806 1541 nexum
829 1480 987 1564 sanguinis
1001 1481 1079 1544 arbi·
1103 1551 1106 1556 ,

139 1587 265 1652 trantur,
293 1581 327 1639 'et
348 1577 380 1638 in
408 1576 593 1656 accipiendis
623 1573 788 1642 obsidibus
809 1581 908 1663 magis
933 1582 1077 1665 exigant;

140 1688 286 1759 tanquam
322 1687 353 1738 et
380 1677 412 1739 in
444 1675 582 1740 animum
609 1666 740 1755 firmius,
767 1692 798 1742 et
825 1679 952 1744 domurn
986 1682 1077 1745 latius

138 1789 272 1840 teneant.
316 1776 461 1841 Heredes
481 1789 871 1862 tamen-successoresque
894 1782 944 1844 sui
965 1784 1077 1865 cuique

138 1878 246 1942 liberi:
276 1891 307 1942 et
334 1879 454 1942 nullum
475 1891 703 1942 testamentum.
748 1879 783 1942 Si
804 1880 892 1943 liberi
914 1904 975 1944 nou
996 1898 1076 1960 sunt,

136 1980 309 2060 proximus
337 1979 450 2063 gradus
492 1981 524 2042 in
568 1981 765 2064 possessione
807 1979 924 2058 fratres,
966 1985 1076 2064 patrui,

137 2081 292 2145 avunculi.
337 2080 462 2156 Quanto
497 2082 567 2162 plus
603 2083 852 2165 propinquorum,
886 2104 948 2167 quo
982 2085 1077 2169 major

136 2183 276 2270 affinium
298 2204 455 2260 uumerus,
479 2195 562 2246 tanto
584 2184 744 2267 gratiosior
765 2197 917 2262 senectus,
933 2206 992 2248 neo
1015 2185 1076 2250 ulla

136 2284 273 2348 orbitatis
295 2286 401 2368 pretia.

171 2384 272 2482 Q
303 2386 468 2466 Suscipere
497 2399 560 2449 tam
588 2388 773 2466 inimicitias,
801 2411 857 2453 seu
885 2392 988 2471 patris,
1019 2412 1075 2454 seu

134 2487 308 2570 propinqui,
323 2507 417 2571 quam
439 2488 598 2563 amicitias,
614 2509 743 2552 neccsse
759 2501 827 2552 est:
851 2512 909 2553 nec
931 2492 1075 2572 implaca-

136 2588 213 2651 biles
236 2586 357 2650 duraut.
379 2603 381 2610 ’
402 2585 513 2651 Luitur
541 2591 624 2652 enim
652 2592 745 2652 etiam
770 2591 970 2654 homicidium
992 2605 1075 2654 certo

134 2700 342 2751 armentorum
371 2710 408 2752 ac
435 2710 583 2770 pecorum
617 2711 755 2766 numero,
784 2691 953 2772 recipitque
987 2693 1074 2754 satis-

134 2787 300 2852 factionem
336 2789 479 2852 universa
507 2789 639 2853 domus:
676 2789 791 2854 utiliter
826 2791 858 2852 in
892 2789 1073 2870 publicum}

135 2891 207 2973 quia
227 2889 463 2971 periculosiores
486 2903 557 2954 suut
583 2892 760 2954 inimicitiae
785 2891 872 2976 juxta
892 2891 1074 2956 libertatem.

137 2988 339 3054 Convictibus
362 3004 394 3054 et
414 2990 555 3076 hospitiis
577 2993 711 3056 nonalia
724 3015 801 3078 gens
824 2993 953 3057 effusius
975 2993 1074 3056 indul·

134 3102 196 3174 get.
251 3090 480 3175 Quemcunque
515 3094 690 3158 mortalium
725 3117 828 3158 arcere
864 3107 954 3171 tecto,
988 3094 1074 3157 nefas
1124 3175 1127 3182 Δ

134 3191 282 3254 habetur:
305 3214 361 3273 pro
375 3191 496 3256 fortuna
510 3195 640 3277 quisque
663 3197 813 3277 apparatis
829 3195 929 3280 epulis
951 3196 1073 3273 excipit.

136 3293 219 3356 Cum
245 3292 399 3371 defecere,
422 3295 476 3377 qui
503 3295 595 3359 modo
623 3295 736 3377 hospes
763 3297 872 3372 fuerat,
895 3305 1075 3357 monstrator

133 3392 257 3479 hospitii
286 3406 318 3457 ct
346 3415 476 3458 comes:
512 3398 681 3476 proximam
708 3395 836 3458 domum
864 3415 925 3456 non
959 3393 1073 3458 invitati

132 3496 264 3560 adeunt:
298 3517 358 3560 nec
386 3498 533 3575 iuterest3
564 3498 631 3578 pari
657 3496 844 3559 humanitate
874 3495 1074 3578 accipiuntur„

131 3594 251 3662 Notum
273 3598 487 3681 ignotumque,
509 3610 658 3682 quantum
679 3597 718 3661 ad
743 3597 794 3681 jus
820 3597 958 3679 hospitis,
982 3617 1074 3659 nemo

133 3698 287 3764 discernit.
346 3699 492 3775 Abeunti,
522 3700 548 3761 si
578 3699 651 3782 quid
686 3701 870 3784 poposcerit,
906 3694 1074 3761 concedere
