2552 4228
191 246 232 304 36
502 259 532 300 c.
556 258 652 300 couri.
675 251 811 300 suerrus

191 406 366 482 Germanis,
382 406 428 468 sic
444 404 619 468 Suevorum
639 405 765 488 ingenui
779 427 798 468 a
812 404 909 468 servis
931 417 1130 488 separantur·¹

189 509 220 572 in
248 507 316 571 aliis
344 506 498 590 gentibus,
528 527 585 568 seu
613 507 795 589 cognatione
819 506 922 590 alique
944 505 1131 584 Suevorum,

189 629 246 672 seu
274 607 357 691 quod
385 628 478 688 saepe
515 605 637 683 accidit,
667 607 849 690 imitatione,¹
862 629 967 670 rarum
995 620 1027 670 et
1054 609 1132 672 intra

193 710 338 794 juventae
353 709 508 790 spatium3
533 708 616 790 apud
639 708 770 786 Suevos,
795 729 893 792 usque
914 708 954 772 ad
975 710 1131 784 canitiem,

188 811 360 876 horrentem
368 806 516 892 capillum
524 816 608 874 retro
617 814 798 894 sequuntur,
806 807 1131 895 ecseepeinipsosolo

188 912 301 976 vertice
322 911 463 994 religant.
506 908 671 991 Principes
686 921 717 974 et
732 915 914 987 ornatiorem
934 909 1070 974 habent:
1092 932 1131 974 ea

188 1033 262 1076 cure
288 1010 415 1087 formae,
446 1010 502 1088 sed
529 1011 692 1074 innoxiae:
722 1030 824 1094 neque
853 1011 937 1074 enim
963 1023 1000 1074 ut
1028 1023 1131 1074 ament

187 1125 387 1190 amenturve3
424 1113 457 1175 in
491 1110 682 1176 altitudinem
717 1110 871 1195 quandam
906 1123 937 1174 et
971 1123 1141 1188 terrorem.¹

187 1216 297 1279 adituri
311 1215 402 1292 bella,
419 1215 543 1296 compti,
560 1226 594 1277 ut
608 1212 743 1276 hostium
757 1213 865 1289 oculis,
879 1225 1034 1277 ornantur.

228 1312 377 1376 XXXIX.
403 1314 640 1379 Vetustissimos
663 1336 697 1378 se
719 1314 990 1397 nobilissimosque
1011 1314 1115 1378 Sucro
1169 1319 1172 1326 ’

187 1439 256 1481 rum
269 1418 441 1482 Semnones
456 1428 636 1480 memorant.
670 1414 765 1480 Fides
779 1417 967 1499 antiquitatis
981 1416 1128 1500 religione

186 1519 333 1580 firmatur.
378 1517 465 1580 Stato
479 1530 616 1598 tempore
631 1519 664 1580 in
687 1518 797 1582 silvam
811 1519 948 1602 auguriis
961 1531 1085 1600 patrum
1099 1530 1128 1582 et

187 1620 287 1703 prisca
314 1616 477 1682 formidine
506 1639 635 1697 sacram,
666 1641 774 1682 omnes
801 1619 943 1703 ejusdem
970 1621 1128 1704 sanguinis

185 1719 290 1801 populi
314 1719 519 1804 legationibus
543 1733 662 1797 coeunt,
678 1741 832 1804 caesoque
856 1719 980 1802 publice
1004 1719 1138 1786 homine.

132 1834 136 1844 “
185 1820 341 1886 celebrant
360 1822 481 1886 barbari
508 1828 585 1886 ritus
614 1821 763 1886 horrenda
790 1821 965 1903 primordia.
1009 1821 1071 1885 Est
1098 1834 1128 1886 et

184 1923 244 1988 alie
257 1923 329 1989 luco
343 1926 524 1988 reverentia.
568 1923 672 1988 Nemo
686 1923 746 1987 nisi
760 1922 884 1988 vinculo
899 1923 1012 2008 ligatus
1027 1925 1124 2008 ingre·

184 2025 274 2102 ditur,
289 2037 325 2090 ut
338 2027 438 2090 minor
461 2037 492 2088 et
511 2037 694 2107 potestatem
720 2026 856 2088 numinis
877 2024 1126 2106 praeseferens.
1230 2113 1233 2124 Ι

185 2127 220 2217 Si
254 2127 332 2190 forte
367 2126 528 2208 prolapsus
564 2138 622 2204 est,
650 2126 748 2190 attolli
784 2139 815 2190 et
848 2127 1008 2212 insurgere
1046 2127 1127 2192 haud

184 2228 322 2292 licitum:
345 2249 401 2309 per
414 2227 546 2292 humum
568 2229 767 2294 evolvuntur:
791 2250 891 2314 eoque
906 2231 1005 2293 omnis
1022 2232 1137 2312 super-'

183 2329 265 2392 stitio
286 2329 421 2413 respicit,
437 2342 583 2415 tanquam
605 2331 675 2394 inde
691 2332 777 2396 initia
798 2333 908 2415 gentis,
924 2332 967 2394 ibi
986 2344 1127 2417 regnator

183 2430 321 2494 omnium
335 2430 423 2508 deus,
439 2443 542 2495 cetera
562 2432 701 2516 subjecta
715 2445 807 2516 atque
820 2434 969 2516 parentia.
1012 2434 1126 2519 Adjicit

182 2533 394 2597 auctoritatem
407 2533 529 2598 fortuna
551 2533 762 2599 Semnonum:
785 2547 910 2598 centurn
930 2536 1020 2620 pagis
1042 2535 1126 2599 habi-

94 2676 96 2680 ·
183 2645 302 2712 tantur3
325 2657 499 2721 magnoque
522 2658 648 2722 corpore
674 2636 816 2714 efficitur,
838 2650 873 2700 ut
895 2659 928 2700 sc
953 2637 1126 2708 suevorum

183 2750 275 2822 caput
289 2738 423 2802 credant.
1023 2788 1025 2796 ‚

223 2837 291 2902 XL.
324 2841 439 2904 Contra
461 2840 681 2926 Langobardos
709 2843 850 2923 paucitas
871 2841 1030 2906 nobilitet:
1059 2844 1125 2926 plu·

184 2940 268 3002 rimis
305 2961 342 3002 ac
377 2941 607 3019 valentissimis,
632 2942 807 3004 nationibus
843 2943 945 3020 cincti,
976 2965 1037 3006 non
1072 2965 1126 3026 per

183 3041 377 3122 obsequium,
408 3040 464 3103 sed
498 3042 622 3122 proeliis
652 3055 683 3105 et
715 3043 915 3127 periclitando
951 3047 1008 3110 tuti
1045 3057 1125 3110 sunt

184 3141 341 3226 Reudigni
370 3141 481 3205 deinde
511 3155 542 3206 et
570 3144 706 3208 Aviones
736 3155 767 3208 et
788 3144 894 3228 Anglii
909 3158 940 3209 et
960 3145 1068 3212 Varini
1096 3159 1124 3210 et

185 3245 329 3310 Eudoses
351 3257 382 3310 et
405 3245 581 3310 Suardones
611 3259 643 3310 et
664 3245 839 3312 Nuithones
865 3249 1045 3312 fluminibus
1075 3265 1125 3314 aut

184 3345 269 3408 silvis
290 3349 488 3412 muniuntur:
511 3348 753 3438 necquidquam
774 3349 907 3414 notabile
923 3351 961 3413 in
985 3351 1124 3435 singulis

184 3447 241 3508 nisi
266 3448 350 3528 quod
384 3450 417 3511 in
452 3471 617 3514 commune
653 3450 817 3529 Nerthum,
847 3452 880 3516 id
911 3465 959 3516 est
995 3452 1124 3516 Terram

184 3557 312 3611 matrem
333 3547 447 3624 colunt,
471 3553 615 3633 eamque'
624 3553 806 3616 intervenire
834 3554 928 3616 rebus
955 3554 1123 3631 hominurn,

193 3645 285 3712 nrehi
321 3646 443 3731 populis
480 3650 669 3714 arbitrantur.
714 3650 775 3728 Est
810 3654 841 3714 in
877 3655 978 3718 insula
1009 3656 1123 3720 Oceani

1048 3869 1255 4210 Α
