2526 4222
496 360 664 404 acnrcom.
1011 348 1053 408 73

103 508 306 573 sermonibus
328 509 401 584 tuis,
424 520 570 572 constans
592 521 623 572 et
643 509 743 572 libens
765 509 862 574 saturn
884 512 1051 595 excepisti3

103 623 258 694 tanquam
296 631 351 691 pro
386 610 465 672 virili
504 612 640 691 portione
681 612 885 676 innocentiam
922 615 1052 695 principi

102 712 252 776 donares.
297 710 362 775 Sed
389 709 465 774 mihi
486 711 630 795 filiaeque
659 711 736 798 ejus,
758 726 878 794 praeter
905 715 1052 778 acerbita-

103 829 176 878 tem
196 815 329 899 parentis
352 812 458 894 erepti,
482 825 575 897 auget
595 814 790 892 moestitiam,
813 815 895 900 quod
917 816 1051 880 assidere

103 915 288 988 valetudini,
303 914 408 978 fovere
426 914 631 993 deficientem,
648 917 751 981 satiari
765 917 861 993 vultu,
877 917 1051 1003 complexu,

103 1038 172 1079 non
193 1003 341 1100 contigit:
365 1014 597 1099 excepissemus
619 1028 701 1080 certe
723 1016 865 1081 mandata
885 1040 1050 1101 vocesque,

103 1139 188 1201 quas
204 1118 325 1199 penitus
341 1117 443 1180 animo
457 1101 634 1201 figere'mus.
678 1116 794 1181 Noster
807 1117 858 1182 hic
873 1118 966 1195 dolor,
983 1140 1051 1181 nos-

104 1232 193 1282 trum
213 1218 345 1281 vulnus:
368 1217 457 1281 uobis
479 1229 544 1281 tarn
565 1218 675 1302 longae
701 1219 857 1283 absentiae
879 1219 1052 1282 conditione

105 1333 181 1383 ante
207 1319 441 1403 quadriennium
466 1320 600 1383 amissus
623 1332 680 1383 est.
726 1319 839 1384 Omnia
860 1322 925 1384 sine
947 1319 1051 1397 dubio,

106 1422 225 1502 optime
246 1433 416 1502 parentum,
433 1421 587 1485 assidente
603 1423 812 1486 amantissima
826 1443 930 1497 uxore,
946 1443 1052 1503 super-

104 1523 196 1586 fuere
210 1522 316 1586 honori
329 1534 401 1586 tuo:
425 1523 621 1604 paucioribus
635 1537 738 1588 tamen
752 1523 886 1588 lacrimis
900 1525 1052 1606 composi·

105 1638 159 1688 tus
175 1645 220 1700 cs,
236 1635 267 1687 et
288 1624 456 1687 novissima
470 1625 502 1687 in
522 1626 591 1687 luce
606 1625 818 1690 desideravere
840 1626 955 1710 aliquid
970 1625 1052 1689 oculi

107 1728 165 1789 m

151 1824 272 1890 XLVI.
311 1825 346 1890 Si
383 1827 452 1910 quis
488 1827 610 1912 piorum
645 1827 787 1890 manibus
823 1827 920 1903 locus
952 1829 988 1903 si,
1017 1841 1052 1892 ut

107 1928 300 2011 sapientibus
327 1928 439 2010 placet,
468 1950 529 1991 non
559 1949 632 1991 curn
663 1949 789 2012 corpore
818 1929 1053 2011 exstinguuntur
1080 1984 1085 1992 .

106 2051 239 2114 magnae
276 2032 406 2108 animae,
439 2030 559 2112 placide
588 2030 741 2113 quiescas
768 2050 896 2112 nosque,
925 2028 1052 2093 domum

107 2147 204 2209 tuam,
227 2133 265 2195 ab
293 2133 414 2195 infirmo
442 2131 594 2195 desiderio
623 2142 654 2194 et
678 2131 881 2194 muliebribus
909 2130 1051 2194 lamentis

106 2233 147 2296 ad
184 2232 473 2315 contemplationem
501 2233 649 2296 virtutum
684 2243 806 2295 tuarum
837 2254 940 2309 voces,
974 2253 1050 2316 quas

105 2356 209 2418 neque
239 2334 338 2418 lugeri
366 2355 468 2417 neque
494 2333 599 2417 plangi
619 2332 666 2397 fas
696 2345 764 2398 est:
794 2333 992 2398 admiratione
1021 2347 1051 2398 te

105 2437 221 2517 potius,
265 2442 298 2498 te
348 2433 571 2499 immortalibus
591 2433 744 2511 laudibus,
760 2448 800 2512 et,
817 2437 843 2499 si
857 2449 964 2500 natura
979 2458 1051 2518 sup-

105 2535 234 2617 peditet,
258 2534 457 2599 similitudine
479 2533 672 2598 decoremus.
716 2535 749 2598 Is
771 2556 863 2598 verus
885 2537 993 2612 honos,
1014 2557 1051 2600 ea

106 2635 352 2720 conjunctissimi
388 2634 538 2719 cujusque
572 2636 681 2717 pietas.
738 2634 776 2698 ld
811 2634 893 2697 filiae
928 2655 1051 2719 quoque

106 2738 258 2820 uxorique
272 2738 492 2818 praeceperim,
509 2738 555 2800 sic
568 2738 673 2818 patria,
690 2737 736 2800 sic
757 2735 857 2798 mariti
871 2737 1051 2800 memoriam

108 2839 257 2914 venerari,
272 2848 308 2900 ut
333 2838 436 2900 omnia
455 2837 539 2901 facta
560 2836 702 2920 dictaque
728 2835 795 2920 ejus
821 2855 929 2898 secum
953 2834 1052 2897 revol-

108 2953 189 3016 vant,
212 2939 405 3024 formamque
430 2961 467 3003 ac
480 2940 612 3023 figuram
638 2939 732 3002 animi
756 2937 856 3022 magis
871 2958 965 3022 quam
986 2957 1051 2999 cor-

106 3042 190 3123 poris
212 3041 476 3123 complectantur:
499 3062 561 3104 non
581 3041 654 3124 quia
675 3039 925 3111 intercedendum
945 3052 1051 3122 putem

80 3177 81 3180 ¹
107 3143 306 3227 imaginibus
336 3165 416 3226 quae
444 3164 596 3206 marmore
625 3153 678 3205 aut
706 3164 776 3206 aere
798 3143 973 3226 finguntur3
997 3141 1052 3204 sed

106 3257 141 3307 ut
169 3244 274 3308 vultus
303 3244 473 3320 homiuum,
503 3245 545 3308 ita
573 3244 737 3307 simulacra
765 3243 868 3306 vultus
898 3240 1051 3305 imbecilla

106 3367 143 3408 ac
157 3345 299 3410 mortalia
321 3357 410 3423 suut;
433 3346 531 3409 forma
552 3346 665 3409 mentis
687 3357 819 3419 aeterna,
835 3363 928 3425 quam
948 3353 1051 3403 tenere

107 3458 138 3509 et
153 3448 338 3527 exprimere
368 3467 430 3508 non
456 3467 512 3528 per
539 3447 671 3509 alienam
698 3442 858 3508 materiam
886 3454 917 3505 ct
945 3453 1050 3517 artem,

107 3547 166 3610 sed
189 3549 251 3610 tuis
273 3548 341 3631 ipse
363 3547 500 3610 moribus
521 3548 633 3628 possis.
677 3542 838 3628 Quidquid
859 3565 897 3606 ex
908 3542 1052 3626 Agricola

108 3649 290 3726 amavimus
307 3648 457 3732 quidquid
477 3649 578 3711 mirati
601 3669 719 3724 sumus,
735 3656 839 3708 manet
859 3665 1051 3708 mansurum·

108 3771 169 3833 quc
184 3763 231 3814 est
253 3752 286 3814 in
307 3751 418 3812 animis
441 3749 608 3825 homiuum,
625 3749 656 3811 in
671 3748 847 3811 aeternitate
869 3759 1050 3825 temporum,

541 3841 558 3882 a
