2552 4228
199 265 242 328 44
533 281 562 324 c.
583 281 681 324 coun.
704 281 817 324 ructet

199 429 335 494 defuncti
349 428 491 505 hominis,
504 429 594 492 venia
608 451 687 511 opus
698 429 758 492 fuit
771 451 779 491 ι
802 451 896 513 quam
909 451 972 493 non
985 431 1142 512 petissem,

199 532 417 596 incursamrus
443 543 507 594 tam
529 551 623 595 saeva
637 531 798 594 etinfesta
810 531 974 594 virtutibus
996 543 1137 617 tenmora

241 633 284 696 Il.
309 631 469 717 Legimus,
483 654 556 696 cum
568 633 705 696 Aruleno
718 631 849 696 Rustico
861 632 980 696 Paetus
993 633 1144 712 Thrasea,

200 735 358 800 Herennio
373 735 537 797 Senecioni
559 733 689 798 Priscus
712 733 878 798 Helvidius
899 735 1016 800 laudati
1030 748 1145 812 essent,

199 836 328 918 capitale
356 834 476 900 fuisse:
499 856 601 920 neque
629 836 663 900 in
683 837 768 917 ipsos
793 835 885 899 modo
900 821 1066 914 auctores,
1090 837 1146 902 sed

199 937 230 1001 in
251 937 345 1002 libros
365 957 487 1020 quoque
509 957 618 1003 eorum
641 939 802 1024 saevitum,
817 935 960 1029 delegatq
979 938 1145 1002 triumvirIs

199 1039 377 1115 ministerio,
399 1051 435 1102 ut
461 1051 664 1102 monumenta
688 1038 930 1102 clarissimorum
951 1039 1146 1122 ingeniorum

201 1139 231 1202 in
245 1141 369 1203 comitio
383 1161 420 1203 ac
434 1139 500 1203 soro
522 1151 694 1202 urerentur.
739 1139 867 1203 Scilicet
881 1139 934 1203 illo
949 1141 1021 1222 igne
1036 1161 1145 1203 vocem

130 1273 135 1281 ·
198 1242 305 1327 populi
320 1241 453 1306 Romani
476 1254 507 1306 et
528 1240 701 1306 libertatem
723 1252 847 1304 senatus
870 1253 901 1304 et
923 1242 1146 1306 conscientiam

125 1357 128 1364 ⁴
200 1345 321 1428 generis
335 1344 462 1407 humani
485 1343 600 1406 aboleri
613 1342 845 1418 arbitrabantur,
860 1342 997 1424 expulsis
1019 1343 1147 1424 insuper

200 1445 367 1528 sapientiae
402 1444 627 1527 professoribus
656 1457 749 1530 atque
785 1445 869 1508 omui
903 1445 984 1506 bona
1020 1456 1085 1508 arte
1113 1445 1146 1508 in

199 1545 325 1607 exilium
353 1556 432 1621 acta,
454 1567 493 1607 ne
516 1544 590 1630 quid
611 1567 746 1630 usquam
772 1545 937 1610 honestum
959 1558 1144 1610 occurreret.

199 1643 351 1708 Dedimus
373 1646 511 1726 profecto
533 1647 647 1730 grande
669 1649 833 1730 patientiae
847 1647 1091 1710 documentum:
1116 1659 1147 1710 et

199 1747 279 1810 sicut
292 1758 381 1809 vetus
397 1760 482 1812 aetas
496 1747 580 1824 vidit,
596 1747 671 1832 quid
690 1749 836 1812 ultimum
850 1750 882 1812 in
895 1749 1035 1812 libertate
1051 1761 1144 1825 esset,

198 1848 240 1911 ita
253 1870 320 1927 nos,
336 1849 411 1935 quid
425 1852 456 1914 in
472 1852 628 1928 servitute,
645 1849 787 1931 adempto
808 1871 865 1931 per
885 1851 1100 1933 inquisitiones
1116 1863 1145 1914 et

198 1949 343 2038 loquendi
358 1952 563 2036 audiendique
582 1952 777 2014 commercio.
822 1950 1006 2014 Memoriam
1021 1973 1145 2036 quoque

199 2055 299 2136 ipsam
314 2075 387 2116 cum
400 2075 476 2116 voce
490 2052 743 2134 perdidissemus,
760 2053 786 2117 si
800 2063 865 2116 tam
879 2053 911 2116 in
924 2064 1027 2115 nostra
1040 2039 1146 2138 potes-

200 2166 260 2218 tate
275 2166 360 2217 esset
373 2154 522 2231 oblivisci,
538 2176 632 2237 quam
647 2169 759 2217 tacere.

241 2254 303 2318 ΙΙΙ.
332 2253 427 2318 Nunc
455 2255 582 2320 demum
616 2255 696 2319 redit
727 2256 870 2319 animus:
909 2266 939 2318 et
967 2254 1146 2339 quanquam

199 2356 297 2437 primo
313 2355 415 2418 statim
428 2356 600 2420 beatissimi
623 2356 740 2420 saeculi
756 2368 822 2419 ortu
837 2355 943 2420 Nerva
962 2356 1080 2420 Caesar
1092 2379 1146 2420 res

200 2457 271 2520 olim
294 2455 506 2522 dissociabiles
531 2459 698 2535 miscuerit,
725 2439 930 2542 principatum
956 2479 993 2520 ac
1021 2457 1146 2522 liberta-

199 2572 273 2634 tem,
302 2571 474 2645 augeatque
510 2559 645 2644 quotidie
674 2559 853 2624 felicitatem
889 2560 1009 2644 imperii
1038 2558 1146 2626 Nerva

200 2660 362 2747 TrajanuS,
378 2683 437 2726 nec
452 2683 540 2744 spem
560 2661 652 2726 modo
667 2683 703 2724 ac
718 2675 825 2726 votum
845 2662 993 2726 securitas
1007 2661 1144 2742 publica,

200 2763 255 2827 sed
276 2765 374 2846 ipsius
388 2765 450 2828 voti
465 2763 611 2828 fiduciam
626 2785 663 2826 ac
676 2764 770 2827 robur
791 2761 1011 2843 assumpserit3
1034 2774 1145 2826 natura

198 2877 301 2927 tamen
328 2865 510 2928 infirmitatis
542 2863 694 2926 humanae
723 2863 854 2928 tardiora
889 2875 961 2926 sunt
995 2862 1143 2942 remedia,

199 2985 292 3047 quam
303 2963 400 3046 mala,
417 2971 457 3044 et,
470 2973 506 3029 ut
517 2973 762 3048 corporanostra
771 2966 857 3034 laute
870 2976 1051 3051 augescunt,
1082 2965 1145 3028 cito

199 3063 443 3146 exstinguuntur,
467 3064 512 3127 sic
534 3064 657 3147 ingenia
679 3064 841 3150 studiaque
864 3067 1052 3148 oppresseris
1067 3067 1144 3130 faci·

198 3167 268 3242 lius,
293 3186 387 3248 quam
413 3167 615 3229 revocaveris.
660 3165 753 3230 Subit
780 3168 892 3264 quippe
922 3169 1014 3232 etiam
1043 3169 1143 3250 ipsius

199 3269 324 3332 inertiae
349 3267 500 3332 dulcedo:
531 3280 562 3333 et
590 3269 688 3334 invisa
716 3271 815 3356 primo
841 3255 959 3333 desidia
986 3285 1144 3351 postremo

199 3381 327 3431 amatur.
372 3369 464 3453 Quid,
491 3368 519 3434 si
545 3392 600 3454 per
616 3370 794 3454 quindecim
808 3393 913 3448 annae,
933 3369 1047 3454 grande
1062 3391 1141 3434 mor·

199 3468 267 3530 talis
283 3471 351 3531 aevi
374 3471 517 3550 spatium,
533 3472 622 3534 multi
637 3471 768 3534 fortuitis
793 3474 928 3549 casibus,
951 3473 1142 3552 promptissi-

199 3587 269 3630 mus
284 3569 416 3648 quisque
431 3571 558 3632 saevitia
579 3572 725 3651 principis
748 3571 985 3635 interciderunt?
1029 3571 1141 3651 Pauci,

201 3683 239 3740 at.
255 3677 289 3730 ut
302 3666 345 3729 ita
359 3666 497 3740 dixerim,
513 3689 573 3728 non
595 3669 686 3730 modo
709 3670 847 3742 aliorum,
865 3673 1027 3735 sedetiam
1045 3677 1140 3740 nostri
