2552 4228
503 339 670 384 ionicam.
1020 329 1060 386 4³

107 488 156 552 22,
181 489 224 540 23.
249 483 324 539 Nova
352 484 481 555 expeditio
503 503 585 540 novas
614 495 706 558 gentes
730 489 820 558 aperit,
843 503 910 557 quae
933 488 1060 559 praesidio

146 574 293 626 firmantur.
328 572 469 642 Agricolae
491 574 630 628 candorio
649 576 865 629 communicanda
888 575 979 646 gloria.
1016 581 1059 630 nt.

147 657 296 712 Consilium
313 657 345 712 de
363 658 514 728 occupanda
531 659 666 714 Hibernia.
703 663 816 715 25-27.
838 662 965 715 Civitates
987 669 1060 716 trans

147 745 298 798 Bodotriam
321 747 387 799 sitae
406 746 579 816 explorantur.
616 746 758 812 caledonii,
776 748 910 802 Romanos
933 752 1060 819 aggressi.

147 831 259 885 consilio
275 831 406 900 ductuque
424 833 565 902 Agricolae
588 833 665 904 pulsi,
685 835 821 888 sacrificiis
844 835 1060 906 conspirationem

147 918 285 971 civitatum
308 920 439 971 sanciunt.
482 923 525 971 28.
550 917 702 989 Usipiorum
720 921 812 973 cohors
835 923 901 974 mir'o
919 938 984 979 casu
1002 920 1059 974 Bri·

147 1005 267 1058 tanniam
291 1007 475 1059 circumvecta.
523 1006 663 1076 Agricolae
687 1008 757 1061 filius
781 1009 842 1062 obit.
887 1013 930 1062 29.
955 1008 1059 1062 Bellum

147 1092 269 1146 Britanni
287 1101 409 1164 reparant
420 1093 536 1164 Calgaco
549 1095 624 1160 duce,
636 1096 712 1163 cujus
725 1101 836 1149 30-32.
850 1097 932 1150 oratio
943 1097 976 1150 ad
988 1115 1059 1150 suos.

149 1184 193 1244 33,
206 1184 248 1233 34.
267 1179 400 1234 Romanos
421 1198 523 1249 quoque
540 1181 658 1250 hortatur
676 1183 809 1252 Agricola.
847 1185 958 1236 35-37.
977 1185 1060 1237 Atrox

147 1273 176 1320 et
194 1273 332 1320 cruentum
348 1266 485 1336 proelium.
522 1271 564 1321 38.
584 1268 670 1322 Penes
682 1268 817 1322 Romanos
828 1270 944 1323 uictoria.
980 1270 1058 1340 Agri-

148 1352 208 1407 cola
220 1352 383 1406 Britanniam
395 1355 556 1408 eireumvehi
568 1355 701 1425 praecipit.

110 1445 156 1495 39.
175 1441 351 1506 Domitianus,
362 1442 446 1496 fronte
464 1442 556 1507 laetus,
568 1450 671 1514 pectore
688 1445 791 1508 anxius,
803 1446 925 1497 nuntium
937 1443 1061 1498 victoriae

148 1530 254 1599 excipit.
290 1533 333 1582 40.
351 1528 473 1582 Honores
491 1536 580 1584 tamen
591 1531 732 1601 Agricolae
745 1531 849 1585 decerni
865 1531 946 1598 jubet,
958 1531 1061 1585 condito

147 1615 215 1680 odic,
233 1614 315 1670 donec
338 1618 473 1686 provincia
495 1616 602 1673 decedat
620 1619 754 1688 Agricolae
791 1618 817 1672 Is
840 1618 923 1673 redux
946 1619 1061 1673 modesto

147 1703 213 1772 agit.
249 1709 292 1756 41.
311 1703 463 1757 Periculum
481 1703 514 1756 ab
538 1705 734 1758 accusatoribus
752 1712 780 1759 et
796 1705 980 1760 laudatoribus.
1016 1711 1060 1760 42.

147 1789 269 1842 Excusat
280 1806 317 1854 se,
329 1807 363 1844 ne
374 1791 535 1860 provinciam
553 1790 676 1844 sortiatur
690 1791 837 1860 proconsul.
872 1797 916 1846 43.
935 1792 999 1846 Obit
1009 1809 1062 1845 non

148 1878 207 1929 sine
230 1877 325 1931 veneni
349 1877 505 1948 suspicione,
525 1894 542 1929 a
559 1877 709 1930 Domitiano
726 1877 788 1930 dati.
823 1882 866 1930 44.
891 1877 957 1944 Ejus
981 1883 1062 1941 aetas,

147 1964 262 2028 habitus,
279 1964 398 2029 honores,
416 1982 487 2035 opes.
523 1966 567 2017 45.
590 1964 684 2017 Mortis
701 1965 878 2034 opportunitas
896 1971 956 2018 ante
973 1963 1062 2018 Domi-

146 2051 214 2104 tiani
232 2051 389 2105 atrocitates.
425 2056 468 2106 46.
487 2051 608 2114 Questus
627 2052 742 2104 auctoris
760 2057 787 2104 et
804 2067 837 2104 ex
847 2051 942 2105 virtme
961 2051 1060 2104 solatia

147 2137 234 2192 Fama
247 2139 387 2208 Agricolae
399 2137 432 2192 ad
444 2148 560 2210 posteros
574 2139 736 2191 transmissa.

156 2329 184 2393 I.
225 2329 406 2393 Cnaaoadu
443 2331 578 2395 virorum
613 2329 695 2394 faeta
732 2352 896 2414 moresque
931 2331 1061 2412 posteris

44 2477 56 2484 -
114 2431 244 2508 tradere,
268 2433 435 2515 antiquitus
462 2433 619 2508 usitatum,
643 2453 681 2494 ne
703 2425 815 2495 nostris
837 2432 963 2516 quidem
985 2446 1061 2497 tem-

112 2535 240 2616 poribus
269 2555 445 2616 quenquam
466 2533 635 2596 incuriosa
671 2555 799 2596 suorum
834 2548 918 2596 aetas
948 2535 1061 2610 omisit,

114 2636 257 2719 quotiens
280 2657 392 2719 magna
408 2635 510 2718 aliqua
524 2657 561 2698 ac
575 2635 685 2698 nobilis
700 2636 796 2697 virtus
814 2635 885 2696 vicit
900 2637 937 2696 ac'
957 2657 1062 2715 super-

114 2758 223 2820 gressa
246 2748 294 2798 est
314 2737 425 2800 vitium
445 2737 546 2817 parvis
571 2737 754 2820 magnisque
781 2734 955 2797 civitatibus
979 2756 1063 2823 com·

114 2859 218 2914 mune,
257 2837 459 2920 ignorantiam
493 2838 569 2900 recti
605 2849 636 2899 et
671 2835 827 2898 invidiam.
882 2833 947 2896 Sed
982 2835 1063 2918 apud

114 2941 241 3021 priores,
256 2951 292 3009 nt
307 2959 398 3022 agere
416 2936 695 3028 dignamemoratu
707 2958 839 3018 pronum
853 2937 1014 3021 magisque
1030 2919 1061 3000 iri

116 3054 220 3122 aperto
237 3053 311 3117 erat,
327 3041 370 3103 ita
391 3040 609 3104 celeberrimus
633 3039 764 3124 quisque
787 3040 910 3124 ingenio
934 3039 973 3103 ad
993 3037 1063 3121 'pro-

116 3142 248 3205 dendam
262 3143 383 3205 virtutis
406 3142 596 3216 memoriam,
613 3141 679 3203 sine
694 3142 791 3224 gratia
812 3154 866 3204 aut
887 3142 1062 3218 ambitione,

116 3244 213 3307 bonae
229 3255 350 3306 tantum
364 3243 570 3305 conscientiae
584 3243 681 3322 pretio
696 3241 875 3304 ducebatur.
912 3243 960 3303 Ac
974 3241 1064 3321 pleri·

118 3367 176 3428 que
193 3366 283 3408 suam
306 3345 366 3424 ipsi
380 3345 475 3406 vitam
496 3364 616 3405 narrare
639 3342 785 3404 fiduciam
806 3343 908 3421 potius
930 3361 1061 3416 morum,

119 3469 211 3530 quam
240 3445 445 3529 arrogantiam
474 3444 607 3507 arbitrati
634 3453 723 3504 sunt:
747 3462 805 3504 nec
833 3440 865 3504 id
894 3439 1012 3503 Rutilio
1035 3455 1064 3507 et

122 3549 238 3612 Scauro
261 3550 338 3611 citra
352 3548 445 3611 fidem
468 3561 522 3610 aut
543 3545 752 3609 obtrectationi
775 3542 850 3608 fuit:
875 3545 951 3606 adeo
971 3545 1050 3609 virtu

121 3661 165 3713 tes
202 3651 316 3715 iisdem
351 3635 541 3730 temporibus
571 3647 685 3730 optime
715 3647 922 3720 aestimantur,
953 3645 1065 3728 quibus

122 3749 265 3816 Facillime
296 3753 472 3836 gignuntur.
517 3750 559 3812 At
582 3768 664 3810 nunc
685 3755 849 3810 narraturo
874 3744 950 3809 mibi
972 3749 1064 3810 vitam
