2526 4222
521 353 692 398 noarcorn.
940 331 945 342 '
1036 339 1077 397 49

122 501 296 587 aliquando
311 513 343 565 et
357 500 461 586 elegit.
508 501 627 565 Consul
649 499 792 586 egregiae
814 513 880 567 tum
902 501 968 584 spei
982 499 1078 566 filiam

131 605 247 690 juveni
261 603 338 668 mihi
352 602 515 685 despondit
536 625 573 667 ae
593 616 664 685 post
679 603 884 668 Consulatum
906 604 1075 680 collocavit,

122 717 160 770 et
177 707 281 769 statim
296 705 471 769 Britanniae
493 706 685 787 praepositus
708 718 765 783 est,
781 705 899 791 adjecto
919 707 1076 788 pontifico·
1114 736 1120 765 κ

123 821 182 872 tus
198 806 379 871 sacerdotio.
1048 868 1057 884 q

175 907 218 973 X.
241 909 416 973 Britanniae
432 909 527 974 situm
539 909 743 996 populosque,
758 910 863 974 multis
879 912 1077 993 scriptoribus

123 1023 318 1077 memoratos
357 1033 419 1074 non
447 1012 479 1074 in
511 1013 768 1094 comparationem
804 1033 897 1076 curae
925 1014 1076 1098 ingeniive

125 1113 283 1190 referam3
309 1112 366 1175 sed
387 1113 460 1196 quia
481 1125 548 1176 tum
569 1113 705 1198 primum
725 1113 896 1195 perdomita
923 1123 981 1177 est.
1027 1115 1077 1177 Ita

126 1237 212 1298 quae
272 1212 394 1298 priores
446 1211 583 1278 nondum
633 1227 789 1295 comperta
815 1215 989 1298 eloquentia
1010 1237 1078 1299 per-

125 1316 265 1391 coluere,
288 1311 393 1377 rerum
415 1313 475 1377 fida
497 1313 664 1378 tradentur.
708 1313 875 1392 Britannia,
897 1315 1065 1378 insularum

126 1437 210 1500 quas
225 1415 370 1478 Romana
390 1415 496 1478 notitia
519 1415 743 1498 complectitur,
758 1417 903 1493 maxima,
919 1417 1018 1501 spatio
1041 1437 1076 1479 ac

127 1518 219 1580 coelo
241 1518 281 1580 in
311 1517 460 1579 orientem
489 1515 684 1594 Germaniae,
715 1517 747 1580 in
780 1509 971 1582 occidentem
1001 1515 1076 1580 His-

128 1621 241 1701 paniae
263 1617 456 1682 obtenditur:
481 1617 580 1682 Gallis
603 1621 634 1682 in
655 1619 817 1683 meridiem
839 1621 932 1683 etiam
953 1621 1074 1702 inspici-

126 1736 200 1785 tur:
233 1719 492 1802 septemtrionalia
514 1719 591 1805 ejur,
614 1721 707 1784 nullis
736 1733 841 1785 contra
867 1723 966 1800 terris,
990 1737 1077 1786 vasto

128 1837 224 1906 atque
245 1835 350 1908 aperto
372 1823 448 1885 mari
469 1821 640 1904 pulsantur.
684 1821 829 1886 Formam
850 1825 943 1887 totius
959 1823 1077 1886 Britan·

129 1927 201 1988 niae
240 1924 349 1988 Livius
385 1937 535 2001 veterum,
566 1923 683 1987 Fabius
719 1921 871 1987 Rusticus
907 1925 1077 1987 recentium

129 2027 379 2111 eloquentissimi
402 2039 553 2103 auctores,
569 2025 718 2110 oblongae
735 2025 874 2088 scutulae
888 2025 940 2088 vel
954 2025 1077 2107 bipenni

129 2130 373 2193 assimulavere:
397 2139 428 2192 et
443 2140 491 2192 est
505 2149 543 2191 ea
556 2127 652 2192 facies
675 2127 751 2191 citra
769 2127 980 2206 Caledoniam,
995 2126 1077 2190 unde

130 2244 163 2296 et
177 2233 209 2295 in
223 2233 405 2294 universum
418 2231 502 2294 fama
516 2241 564 2294 est
577 2243 768 2314 transgressa
782 2251 789 2293 :
814 2230 870 2294 sed
890 2231 1078 2296 immensum

131 2347 162 2398 et
177 2354 303 2397 enorme
327 2333 461 2417 spatium
482 2333 727 2417 procurrentium
742 2344 878 2396 extremo
898 2333 963 2418 jam
977 2332 1074 2396 littere

130 2450 291 2512 terrarum,
320 2434 407 2497 velut
434 2435 467 2498 in
496 2455 630 2498 cuneum
665 2447 816 2499 tenuatur.
871 2426 964 2500 Hanc
993 2457 1077 2500 oram

130 2539 294 2602 novissimi
324 2538 416 2600 maris
444 2548 518 2599 tunc
548 2538 684 2618 primum
713 2535 854 2600 Romana
882 2537 1003 2601 classis.
1020 2539 1077 2600 cir·

131 2650 296 2703 cumrecta
331 2637 464 2700 insulam
500 2658 570 2700 esse
607 2637 797 2702 Britanniam
832 2636 1003 2712 affirmavit,
1040 2659 1077 2701 ac

132 2741 224 2805 simul
248 2741 419 2823 incognitas
439 2738 478 2801 ad
499 2737 531 2802 id
552 2752 674 2821 tempus
696 2737 823 2814 insulas,
839 2757 917 2820 quas
940 2737 1077 2800 Orcadas

131 2854 253 2919 vocant,
277 2842 392 2904 invenit
420 2839 610 2924 domuitque.
655 2837 805 2920 Dispecta
834 2849 882 2900 est
910 2849 940 2900 et
962 2837 1076 2917 Thule,

132 2944 369 3009 namhaotenus
380 2943 553 3029 jussum,et
566 2941 667 3006 hiems
696 2941 881 3022 appetebat:
910 2939 966 3004 sed
993 2961 1077 3005 mare

132 3047 256 3130 pigrum
285 3057 317 3106 et
344 3065 436 3127 grave
461 3045 701 3128 remigantibus3
724 3043 884 3126 perhibent
910 3066 950 3107 ne
978 3047 1077 3108 ventis

132 3146 260 3232 quidem
288 3146 413 3228 perinde
440 3145 553 3209 attolli:
584 3145 685 3223 credo,
712 3137 795 3229 quod
822 3148 951 3210 rariores
980 3161 1077 3209 terrae

131 3261 326 3332 montesque,
342 3269 438 3310 causa
451 3269 488 3310 ac
502 3249 628 3312 materia
642 3259 869 3328 tempestatum,
884 3257 914 3310 et
928 3246 1077 3329 profunda

132 3351 232 3416 moles
264 3351 401 3413 continui
429 3351 522 3413 maris
550 3350 667 3413 tardius
696 3347 871 3428 impellitur.
926 3345 1076 3410 Naturam

133 3453 253 3516 Oceani
269 3464 361 3536 atque
384 3464 489 3514 aestus
511 3473 611 3535 neque
627 3469 773 3533 quaerere
795 3447 887 3531 hujus
903 3449 1003 3532 operis
1019 3463 1075 3526 est,

133 3577 170 3618 ae
182 3555 276 3619 multi
297 3554 451 3631 retulere;
474 3576 572 3617 unum
593 3550 784 3616 addiderim:
811 3571 964 3634 nusquam
985 3551 1077 3614 latius

135 3655 283 3720 dominari
312 3675 407 3731 mare,
437 3655 570 3718 multum
597 3653 761 3716 fluminum
788 3651 850 3716 huc
878 3664 969 3735 atque
1004 3652 1077 3716 illuc
1108 3725 1111 3732 q

137 3755 221 3836 terre,
245 3779 305 3822 nec
327 3757 428 3820 littore
450 3767 541 3900 tenuq
567 3744 744 3818 accrescere
766 3766 819 3818 aut
839 3754 999 3824 resorberi,
1022 3749 1077 3814 sed
