2552 4228
511 313 682 358 remcort.
1030 300 1071 394 A?

113 463 251 530 Nerone
273 475 457 545 temporum,
480 463 593 546 quibus
615 464 722 526 inertia
747 484 802 544 pro
831 464 980 544 sapientia
1002 463 1061 528 fuit

114 566 214 630 Idem
233 577 393 647 praeturae
408 576 495 628 tenor
509 576 540 628 et
555 564 710 630 silentium
723 586 731 641 ;
754 585 812 627 nec
828 566 910 628 enim
929 565 1070 648 jurisdic-

112 669 166 732 tio
182 655 366 733 obvenerat':
390 665 479 730 ludos
502 679 533 728 et
554 667 656 752 inania
677 665 800 728 honoris
822 666 925 729 medio
946 668 1071 730 rationis

115 782 217 853 atque
240 767 443 832 abundantiae
458 767 554 856 durit,
570 769 616 830 uti
626 759 720 850 longe
736 789 754 830 a
768 751 906 843 luxurias
914 769 956 830 ita
971 767 1071 832 famae

114 872 256 953 propior.
301 869 387 934 Tum
415 869 533 932 electus
556 890 575 931 a
598 868 698 932 Galba
718 869 759 933 ad
780 869 859 932 dona
887 869 1071 951 templonim

118 970 382 1054 recognoscenda,
405 970 639 1054 diligentissima
667 971 890 1067 conquisitione
919 970 1002 1048 fecit,
1031 993 1070 1034 ne

119 1072 215 1156 eujus
240 1073 365 1136 alterius
394 1073 591 1156 sacrilegium
613 1072 798 1156 respublica,
821 1094 915 1156 quam
937 1072 1070 1137 Neronis

121 1175 287 1237 sensisset.

167 1275 243 1339 VII.
266 1275 407 1358 Sequens
423 1297 521 1338 annus
536 1275 621 1359 gravi
635 1274 762 1340 vulnere
777 1276 917 1339 animum
931 1275 1071 1340 domum·

122 1397 186 1462 que
202 1377 269 1462 ejus
285 1377 406 1440 afflixit:
430 1399 502 1440 nam
517 1377 625 1441 classis
641 1375 824 1453 Othoniana,
840 1377 968 1441 licenter
981 1399 1070 1462 vaga,

120 1480 200 1544 dum
215 1479 393 1544 Intemelios
408 1477 571 1562 (Liguriae
595 1501 667 1561 pars
693 1479 755 1560 est)
770 1479 921 1544 hostiliter
944 1481 1072 1566 popula-

120 1593 183 1658 tur,
212 1594 343 1644 matrem
369 1579 534 1664 Agricolae
562 1581 595 1644 in
625 1581 775 1663 praediis,
796 1583 862 1646 suis
898 1582 1069 1646 interfecit:

120 1683 310 1767 praediaque
324 1684 393 1764 ipsa
407 1694 439 1747 et
452 1704 596 1767 magnam
616 1685 788 1764 patrimonii
802 1696 921 1768 partem
935 1685 1069 1767 diripuit,
1164 1747 1171 1758 ,

121 1807 204 1869 quae
220 1806 316 1848 causa
337 1784 442 1848 caedis
457 1785 567 1848 fuerat.
612 1785 711 1868 Igitur
724 1784 764 1848 ad
778 1785 928 1849 solemnia
948 1788 1070 1868 pietatis

121 1887 281 1970 profectus
317 1886 471 1970 Agricola,
508 1887 615 1950 nuntio
655 1885 789 1948 affectati
825 1907 844 1948 a
879 1885 1071 1971 Vespasiano

122 1989 244 2070 imperii
267 1987 477 2070 deprehensus
500 2009 536 2050 ac
559 1987 663 2051 statim
684 1987 717 2050 in
737 1998 840 2068 partes
862 1998 1071 2071 transgressus

123 2104 184 2155 est.
238 2090 330 2154 Initia
362 2091 551 2172 principatus
579 2110 617 2152 ac
645 2099 759 2152 statum
789 2088 875 2152 urbis
905 2088 1071 2153 Mucianus

121 2193 260 2277 regebat,
285 2190 403 2276 juvene
427 2189 592 2256 admodum
616 2189 796 2254 Domitiano
824 2204 855 2255 et
881 2213 919 2255 ex
946 2205 1072 2277 paterna

121 2294 245 2358 fortuna
268 2305 388 2357 tantum
410 2292 567 2356 licentiam
595 2306 773 2374 usurpante.
817 2293 850 2356 Is
875 2295 1007 2358 missum
1033 2295 1071 2358 ad

122 2396 266 2460 delectus
295 2394 431 2478 agendos
460 2394 638 2479 Agricolam
673 2396 853 2480 integreque
881 2418 919 2459 ac
948 2409 1071 2460 strenue

121 2511 290 2574 versatum,
303 2579 306 2584 Ι
319 2497 485 2560 vicesimae
514 2495 638 2580 legioni,
663 2497 748 2560 tarde
777 2498 817 2560 ad
845 2511 1071 2563 sacramentum

121 2613 345 2684 transgressae,
364 2599 551 2682 praeposuit,
566 2599 620 2662 ubi
643 2599 789 2664 decessor
810 2600 955 2664 seditiose
978 2622 1071 2684 agere

122 2701 320 2764 narrabatur:
344 2700 458 2783 quippe
479 2699 589 2782 legatis
604 2721 727 2783 quoque
750 2698 962 2764 consularibus
977 2702 1072 2763 nimia

123 2823 162 2865 ac
176 2800 374 2865 formidolosa
395 2813 469 2864 erat.
513 2799 584 2864 Nec
605 2802 726 2886 legatus
750 2802 919 2882 praetorius
934 2801 972 2865 ad
988 2801 1071 2865 cohi·

123 2902 261 2966 bendum
276 2913 396 2984 potens,
412 2903 573 2978 incertum,
591 2923 647 2966 suo
663 2925 702 2966 an
716 2903 850 2966 militum
864 2904 1006 2988 ingenio:
1030 2905 1072 2968 ita

125 3025 289 3068 successor
304 3003 398 3066 slmul
413 3015 442 3066 et
456 3002 537 3066 ultor
551 3003 679 3081 electus,
695 3005 851 3068 rarissima
864 3005 1071 3070 moderatione

124 3107 235 3170 maluit
247 3106 346 3169 videri
361 3105 516 3168 invenisse
531 3104 638 3183 bonos,
654 3129 747 3190 quam
761 3107 885 3172 fecisse.

167 3207 259 3270 VIII.
289 3205 436 3290 Praeerat
469 3218 543 3270 tunc
571 3206 746 3273 Britanniae
773 3208 898 3272 Vettius
934 3208 1072 3272 Bolanus

125 3310 288 3393 placidius,
318 3330 413 3393 quam
440 3307 535 3374 feroci
561 3311 718 3392 provincia
741 3310 871 3392 dignum
896 3321 964 3371 est:
995 3321 1072 3372 tem-

125 3413 243 3494 peravit
256 3410 403 3496 Agricola
416 3411 480 3475 vim
495 3432 585 3475 suam
599 3411 799 3493 ardoremque
816 3411 1016 3490 compescuit,
1032 3431 1071 3474 ne

126 3513 331 3589 incresceret3
354 3512 471 3594 peritus
493 3513 622 3598 obsequi
637 3511 837 3596 eruditusque
851 3510 940 3573 utilia
961 3509 1073 3574 hones·

126 3617 164 3678 tis
199 3615 371 3680 misceres
410 3611 503 3677 Brevi
538 3612 649 3677 deinde
686 3611 844 3677 Britannia
880 3613 1072 3678 consularem

76 3787 80 3796 ,
127 3714 275 3784 Petilium
292 3714 449 3780 Cerialem
471 3716 600 3798 accepit.
645 3714 831 3780 Habuerunt
853 3717 980 3779 virtutes
1004 3737 1071 3794 spa-
