2526 4222
203 295 244 354 88
532 309 563 349 e.
587 301 683 350 cortu.
706 305 817 350 ricrrr

203 455 336 522 obvius:
376 454 489 538 quibus
525 455 558 518 in
593 475 717 519 omnem
752 465 872 536 partem
906 453 1054 531 dimissis,
1091 451 1152 520 ubi

203 559 318 622 incerta
330 555 423 640 fugae
444 556 575 640 vestigia
596 575 697 638 nequa
719 576 854 640 usquam
875 556 1053 640 conglobari
1074 556 1149 620 hos-

203 671 249 722 tes
275 669 468 739 compertum
489 669 520 720 et
541 668 648 720 exacta
670 655 736 740 jam
757 668 874 720 aestate
900 659 1003 740 spargi
1028 658 1150 722 bellurn

203 759 357 844 nequibat,
373 759 405 821 in
418 757 496 821 fines
511 756 718 821 Horestorum
732 759 902 821 exercitum
916 757 1052 821 deducit.
1096 757 1150 820 Ibi

203 861 338 944 acceptis
360 858 529 935 obsidibus,
551 858 707 940 praefecto
735 858 845 922 classis
867 857 1057 920 circumvehi
1078 856 1134 920 Bri

202 961 337 1024 tanniam
358 960 523 1044 praecepit.
566 956 665 1022 Datae
688 958 728 1022 ad
749 958 782 1022 id
801 960 894 1036 vires,
917 970 949 1021 et
970 979 1133 1039 praecesse

202 1074 249 1126 rat
262 1073 366 1126 terror.
412 1060 484 1144 Ipse
505 1059 643 1145 peditem
665 1077 757 1143 atque
780 1061 900 1144 equites
921 1060 1005 1123 lento
1027 1061 1147 1134 itinere,

203 1186 265 1248 quo
299 1184 447 1227 novarum
479 1163 618 1246 gentium
650 1162 744 1229 animi
780 1162 847 1242 ipsa
881 1162 1028 1224 transitus
1061 1181 1148 1224 mora

204 1277 395 1342 terrerentur,
424 1265 457 1328 in
491 1263 626 1328 hibernis
662 1263 784 1326 locarit.
827 1261 872 1325 Et
906 1262 1001 1325 simul
1037 1263 1147 1326 classis

204 1366 340 1431 secunda
373 1377 555 1448 tempestate
586 1386 629 1428 ac
655 1364 739 1428 fama
767 1362 989 1427 Trutulerisem
1025 1377 1147 1446 portum

202 1470 309 1542 tenuit,
337 1468 417 1530 unde
453 1467 592 1550 proximo
619 1466 713 1529 latere
742 1464 918 1528 Britanniae
934 1465 1029 1530 lecto
1064 1467 1145 1530 omui

202 1567 341 1632 redierat.
1065 1563 1068 1568 '

243 1661 390 1726 xxm.
420 1665 516 1730 Hunc
551 1688 654 1731 rerum
689 1688 826 1744 cursum,
856 1688 1033 1751 quanquam
1062 1669 1148 1732 nulla

1246 247 1255 424 Ἰ

1254 590 1260 805 ι

1255 827 1261 1078 ⁸

202 1767 364 1854 rerbomrn
399 1767 545 1853 jactantia
584 1768 722 1851 epistolis
759 1769 922 1852 Agricolae
958 1781 1075 1848 actum,
1111 1784 1149 1834 ut
1260 1833 1262 1855 k

204 1868 378 1934 Domitiano
405 1870 500 1935 moris
529 1882 602 1947 erat,
624 1870 733 1949 fronte,
751 1871 861 1947 laetus,
884 1881 1008 1955 pectore
1036 1873 1147 1934 anxius
1250 1939 1260 1954 ,.

203 1973 333 2054 excepit.
377 1971 479 2036 Inerat
500 1973 687 2036 conscientia
708 1971 823 2035 derisui
845 1972 943 2035 fuisse
971 1993 1071 2060 nuper
1092 1973 1149 2037 lal-
1172 2047 1175 2055 .
1260 1977 1262 2013 ³

204 2095 273 2138 sum
292 2096 309 2137 e
330 2072 495 2137 Germania
516 2073 714 2155 triumphum,
739 2073 850 2156 emptis
871 2094 927 2154 per
948 2075 1147 2151 commercia,
1238 2083 1257 2120 ·‘

160 2231 163 2236 .
203 2197 333 2259 quorum
347 2174 469 2238 habitus
491 2188 523 2238 et
543 2176 643 2238 crines
666 2176 698 2238 in
719 2176 910 2256 captivomm
924 2163 1071 2266 vspeciem
1086 2177 1149 2240 for·
1254 2227 1260 2251 ,

202 2292 373 2340 merentur:
397 2288 429 2339 at
448 2295 531 2339 nunc
552 2298 657 2340 veram
681 2297 887 2361 magnamque
908 2277 1078 2354 victoriam,
1103 2291 1149 2341 tot
1196 2283 1205 2292 '

201 2375 338 2440 millibus
366 2376 502 2440 hostium
522 2379 772 2462 caesis‚·ingenti
794 2376 877 2441 sarna
903 2377 1063 2441 celebrari.
1110 2379 1147 2442 Id

203 2477 261 2540 sibi
288 2477 421 2541 maxime
449 2477 691 2556 formidolosum,
720 2480 828 2560 privati
863 2479 996 2548 hominis
1032 2502 1150 2544 nornen

164 2623 167 2630 ·
203 2599 296 2664 supra
319 2579 465 2666 principis
487 2579 602 2643 attolli:
625 2581 738 2644 frustra
760 2580 861 2644 studia
874 2580 932 2644 fori
954 2593 985 2643 et
1006 2581 1148 2646 civilium

203 2682 314 2744 artium
334 2680 432 2746 decus
453 2682 485 2746 in
507 2681 661 2746 silentium
684 2683 805 2758 ectasi
827 2683 990 2745 militarem
1013 2682 1147 2765 gloriam

204 2783 282 2848 alius
311 2795 475 2865 occuparet
491 2803 512 2845 τ’
536 2796 567 2847 et
602 2796 706 2847 cetera
733 2796 902 2868 utcumque
929 2783 1053 2846 facilius
1082 2784 1133 2847 dis

204 2884 365 2948 simulari:
403 2885 491 2948 ducis
519 2885 592 2946 boni
628 2886 855 2970 imperatoriam
881 2886 1028 2948 virtutem
1063 2906 1146 2948 esse.

204 2984 335 3046 Talibus
360 2985 442 3046 curis
466 2985 628 3060 exercitus,
652 2985 796 3070 quodque
820 3007 929 3050 saevae
952 2987 1147 3070 cogitationis
1259 3061 1260 3064 Ἴ

203 3081 350 3146 indicium
393 3094 466 3157 erat,
503 3097 622 3144 secreto
659 3107 716 3148 suo
753 3089 890 3163 satiatus,
928 3087 1077 3167 optimum
1116 3088 1148 3150 in

162 3275 165 3280 Ι
202 3183 375 3268 praesentia
410 3184 515 3247 statuit
548 3203 696 3265 reponere
732 3187 847 3265 odium,
877 3187 974 3251 donec
1010 3189 1148 3269 impetus
1182 3263 1185 3270 Δ
1244 3201 1248 3210 ’

202 3286 302 3350 famae
333 3297 363 3350 et
390 3286 476 3350 favor
503 3287 657 3350 exercitus
684 3288 921 3373 languesceret:
951 3311 1023 3352 narn
1052 3291 1148 3355 etiarn

203 3399 268 3450 turn
283 3389 428 3472 Agricola
442 3388 632 3454 Britanniam
648 3390 812 3454 obtinebat.
1054 3395 1060 3400 “

245 3485 312 3548 XL.
339 3489 437 3571 Igitur
458 3489 652 3573 triumphalia
682 3505 857 3555 ornamenta
879 3505 910 3554 et
931 3492 1058 3554 illustris
1081 3507 1146 3558 sta-

205 3599 279 3648 tuae.
295 3587 440 3651 honorem
463 3603 494 3653 et
515 3589 663 3673 quidquid
683 3614 737 3672 pro
759 3593 914 3678 triumpho
934 3593 1032 3670 datur,
1048 3597 1150 3661 multo

205 3684 364 3748 uerborum
386 3686 499 3751 honore
514 3688 679 3756 cumulata.
695 3692 818 3754 decerni
844 3695 877 3756 in
903 3707 1011 3758 senatu
1036 3695 1143 3778 iubet;
