2526 4222
192 311 234 368 52
518 324 548 366 c.
572 322 668 366 oonrr.
692 322 803 366 rrcrrr

194 471 274 559 quod
302 471 423 538 initium
451 483 597 535 venturae
625 493 698 535 mox
726 471 864 534 ftrtuuae
892 471 972 536 fuit:
1003 473 1140 546 domitae

193 586 309 660 gentes,
325 573 406 654 capti
420 594 521 657 reges,
537 585 569 636 et
573 563 767 636 monstratus
782 573 852 636 latis
871 572 1097 656 Vespasianus,

235 674 325 740 XIV.
357 674 575 738 Consularium
601 674 719 770 primus
727 655 851 738 Aulus
879 673 1023 739 Plautius
1050 697 1140 758 prae·

194 779 321 860 positus,
345 798 382 840 ac
404 752 534 840 subinde
561 755 707 840 Ostorius
729 777 873 858 Scapula,
901 757 1032 902 uterque
1056 778 1142 842 bello

195 881 358 965 egregius:
381 878 566 976 redactaque
587 879 765 960 paulatim'
757 901 789 941 m
810 877 977 943 formam'
964 881 1142 961 provinciae

196 982 332 1063 proxima
352 1002 423 1062 pars
444 978 639 1043 Britanniae:
663 979 766 1044 addita
786 981 913 1062 insuper
925 994 1142 1046 veteranorum

195 1084 334 1148 colonia:
358 1081 510 1168 quaedam
532 1083 671 1146 civitates
688 1081 853 1168 Cogiduno
873 1075 940 1168 regi
954 1083 1087 1148 donatae
1101 1085 1142 1165 (is

198 1187 235 1250 ad
262 1199 397 1252 nostram
426 1207 526 1269 usque
554 1185 736 1248 memoriam
759 1185 929 1249 fidissimus
957 1185 1088 1267 mansit)
1109 1200 1143 1249 ut

199 1303 300 1354 vetere
329 1312 366 1354 ac
391 1289 456 1374 jam
483 1286 602 1370 pridem
629 1289 753 1369 recepta
779 1288 885 1373 populi
912 1287 1048 1352 Romani
1070 1309 1144 1351 con·

198 1392 372 1468 suetudine,
400 1391 527 1454 haberet
563 1390 765 1453 instrumenta
797 1391 952 1453 seruitutis
981 1402 1012 1453 et
1039 1409 1144 1474 reges.

198 1493 274 1557 Mox
287 1493 401 1558 Didius
417 1491 528 1556 Gallus
549 1503 636 1576 parta
650 1513 668 1554 a
681 1490 833 1578 prioribus
859 1493 1017 1568 continuit,
1032 1494 1145 1580 paucis
1162 1565 1167 1574 ,

197 1592 363 1658 admodum
392 1592 527 1656 castellis
555 1593 588 1656 in
615 1593 760 1657 ulteriora
792 1594 949 1675 promotis,
977 1615 1034 1675 per
1063 1615 1146 1678 quae

197 1697 279 1760 lama
315 1697 397 1760 aucti
434 1693 528 1759 officii
563 1710 770 1779 quaereretur.
822 1695 953 1760 Didium
988 1695 1145 1760 Veranius

197 1799 327 1880 excepit,
357 1799 446 1882 isque
481 1799 561 1862 intra
596 1820 710 1863 annum
746 1799 914 1863 exstinctus
951 1810 1008 1862 est.
1064 1799 1146 1862 Sue·

197 1902 299 1966 tonius
328 1901 400 1966 hinc
421 1897 580 1966 Paullinus
609 1901 732 1969 biennio
759 1922 923 1986 prosperas
950 1922 1001 1964 res
1025 1901 1144 1988 habuit,
1247 1960 1250 1966 .

199 2006 336 2069 subactis
365 2005 539 2070 nationibus
568 2005 758 2088 firmatisque
787 2003 972 2085 praesidiis:
1011 2023 1145 2088 qnorum

199 2107 313 2171 fiducia
328 2105 456 2170 Monam
478 2107 620 2184 insulam,
636 2119 672 2170 ut
685 2108 766 2169 vires
788 2105 954 2170 rebellibus
968 2107 1146 2170 ministran-

198 2222 271 2286 tem,
287 2229 463 2293 aggressus‚
478 2219 566 2292 terga
581 2209 736 2273 occasioni
753 2206 908 2290 patefecit.

240 2309 314 2374 XV.
332 2309 484 2423 Namque
500 2311 638 2375 absentia
652 2311 746 2395 legati
760 2323 877 2392 remoto
891 2322 986 2410 metu,
1003 2309 1146 2390 Britanni

131 2424 135 2431 '
198 2413 312 2497 agitare
335 2413 366 2474 in
367 2422 414 2474 ter
435 2433 469 2474 se
497 2413 580 2486 mala
609 2414 774 2490 servitutis,
797 2411 970 2475 conferre
962 2413 1091 2526 injurias
1111 2426 1146 2477 et

100 2580 104 2586 ,
197 2512 421 2596 interpretando
441 2493 628 2610 accendere:
652 2503 728 2577 nihil
722 2513 848 2610 profici
862 2483 923 2594 ιιιι
903 2515 1017 2620 trentla,
1033 2514 1093 2577 nisi
1107 2527 1155 2608 ιιι,

198 2617 345 2702 graviora,
362 2629 507 2712 tanquam
531 2638 570 2680 ex
590 2615 675 2680 facili
699 2591 939 2701 tolerantibus,
931 2609 1089 2720 rm'peqept
1082 2635 1143 2679 ur:

198 2721 336 2806 singulos
352 2721 409 2784 sibi
425 2693 465 2790 oli
467 2741 498 2793 m
520 2741 610 2804 reges
624 2721 732 2796 fuisse,
748 2741 831 2783 nunc
845 2681 972 2782 'binos
964 2720 1099 2812 imponi:
1124 2741 1144 2798 e

198 2826 310 2914 quibus
346 2823 510 2908 legatus
503 2845 535 2885 m
571 2823 762 2906 sanguinem,
791 2832 966 2904 procurator
1002 2822 1034 2884 in
1060 2821 1144 2895 bona

198 2927 339 3002 saeviret.
398 2924 509 3010 Aeque
540 2922 725 3002 discordiam
760 2925 1011 3012 praepositorum,
1042 2943 1145 3007 aeque

198 3025 403 3100 concordiam,
417 3024 566 3107 subjectis
588 3026 768 3138 eritiqsam:
792 3015 917 3135 alterius
939 3047 1054 3124 manqs
1069 3047 1145 3128 opn-

199 3127 344 3242 turiones,
361 3125 486 3189 alterius
510 3147 614 3242 seruqs
635 3127 702 3210 vim
722 3139 763 3190 et
775 3102 1012 3192 contumelias
998 3128 1143 3293 ωιειιιι.

198 3334 313 3414 proelio
338 3331 494 3408 fortiorem
516 3302 596 3418 ιιιι,
640 3333 673 3426 ui
698 3295 827 3419 spoliet:
794 3345 939 3426 tnupc
961 3333 1031 3396 ab
1022 3279 1142 3440 ignaris

198 3436 380 3548 plerumque
395 3449 426 3500 et
440 3412 616 3534 imbellibus
639 3438 714 3531 eripi
706 3435 846 3528 domos,
863 3427 997 3516 abstrdhi
1017 3399 1141 3512 libelos,

200 3535 315 3621 injungi
343 3527 534 3614 delectus,lt
522 3549 678 3634 tanquam
704 3538 794 3620 mori
795 3514 873 3599 ὶἰιιιιι
873 3559 926 3621 um
954 3559 1010 3630 pro
1044 3548 1097 3618 pat
1098 3539 1140 3600 ria

199 3634 428 3698 nescientibus:
452 3637 633 3720 quantulum
663 3637 745 3698 enim
754 3629 919 3715 transisse
944 3625 1087 3731 militqm,
1115 3641 1141 3703 si

200 3755 269 3798 sese
296 3732 432 3794 Britanni
462 3734 647 3795 numerent?
676 3735 720 3796 sic
752 3733 935 3843 Germanias
964 3741 1141 3804 excussisse
