2526 4222
492 310 662 354 romensi.
1009 293 1050 350 63

110 473 143 523 et
157 457 331 522 libertatem
353 479 413 520 non
434 459 466 521 in
486 459 701 538 poenitentiam
720 455 820 533 laturi,
835 458 933 538 primo
948 459 1048 522 statim

110 580 281 644 congressu
317 580 417 622 nonne
453 558 659 634 ostendamus,
689 580 767 642 quos
796 558 854 622 sibi
883 558 1048 622 Caledonia

111 664 193 726 viros
217 659 410 742 seposuerit?
453 660 503 722 An
525 661 654 725 eandem
677 659 826 724 Romanis
848 661 879 724 in
896 659 977 724 bello
990 662 1049 722 vir·

112 774 220 836 tutem,
237 782 331 843 quam
346 762 376 822 in
391 781 467 844 pace
482 759 640 823 lasciviam
655 760 764 824 adesse
778 759 944 824 creditis?

153 858 329 922 XXXII.‘'“
339 860 461 923 Nostris
489 860 533 925 illi
558 861 800 925 dissensionibus
829 882 866 924 ac
890 859 1049 924 discordiis

111 963 195 1039 clari,
211 964 284 1026 vitia
307 962 441 1026 hostium
462 963 493 1024 in
514 962 642 1046 gloriam
664 964 815 1026 exercitus
837 964 886 1026 sui
907 975 1049 1028 vertunt:

112 1086 204 1147 quem
226 1075 418 1127 contractum
433 1085 471 1126 ex
485 1061 703 1126 diversissimis
724 1065 877 1146 gentibus,
893 1077 928 1127 ut
942 1085 1050 1126 secun-

15 1235 22 1253 ,
111 1165 168 1230 duo
189 1187 239 1228 res
262 1177 376 1238 tenent,
393 1164 595 1227 itaadversae
617 1163 803 1226 dissolvent:
827 1165 886 1226 nisi
902 1165 928 1226 si
944 1164 1050 1226 Gallos

112 1278 142 1329 et
157 1264 332 1330 Germanos
354 1277 385 1342 et
398 1265 507 1347 (pudet
528 1265 627 1344 dictu)
643 1264 858 1328 Britannorum
877 1265 1050 1347 plerosque,

112 1369 181 1432 licet
195 1368 394 1431 dominationi
417 1367 533 1430 alienae
556 1368 738 1450 sanguinem
760 1365 962 1442 commodent,
985 1366 1051 1428 diu-

113 1470 170 1532 tius
194 1482 299 1540 tamen
324 1466 428 1531 hostes
442 1489 536 1550 quam
561 1489 675 1543 servos,
691 1467 751 1530 fide
773 1479 805 1530 et
819 1467 931 1531 affectu
957 1468 1051 1530 teneri

113 1571 241 1652 putatis:
266 1581 370 1632 metus
385 1581 415 1632 et
430 1582 524 1631 terror
545 1580 601 1644 est,
618 1569 737 1656 infirme
751 1569 873 1632 vincula
895 1569 1027 1632 caritatis
1043 1616 1049 1629 .

113 1693 189 1754 quae
213 1672 267 1735 ubi
290 1671 466 1746 remoreris,
482 1671 535 1752 qui
557 1671 664 1732 timere
678 1669 832 1746 desierint,
849 1669 951 1732 odisse
975 1671 1051 1733 inci-

113 1776 207 1857 pient.
252 1772 366 1834 Omnia
387 1773 530 1834 victoriae
553 1771 748 1835 incitamenta
769 1793 824 1855 pro
846 1773 933 1833 nobis
960 1779 1050 1834 sunt:

114 1874 214 1938 nullae
238 1872 397 1936 Romanos
421 1872 567 1955 conjuges
591 1869 782 1946 accendunt;
811 1870 887 1933 nulli
913 1884 1053 1951 parentes

114 1974 220 2058 sugam
241 1973 449 2054 exprobraturi
473 1985 563 2048 sunt;
587 1983 641 2034 aut
663 1970 746 2033 nulla
768 1971 922 2052 plerisque
946 1972 1052 2053 patria,

115 2089 166 2139 aut
194 2076 255 2139 alia
284 2088 368 2162 esti
396 2072 519 2137 Paucos
548 2094 685 2148 numero,
715 2071 848 2153 trepidos
877 2073 1052 2155 ignorantia,

115 2175 237 2239 coelum
262 2177 367 2259 ipsum
392 2196 429 2236 ac
451 2195 534 2237 mare
560 2187 591 2236 et
617 2173 719 2249 silvas,
742 2173 845 2256 ignota
871 2173 972 2235 omnia
998 2174 1054 2234 cir·

116 2289 372 2366 cumspectantes,
399 2276 521 2338 clausos
550 2275 776 2358 quodammodo
804 2296 840 2337 ac
867 2275 985 2337 vinctos
1012 2274 1054 2337 dii

115 2380 201 2442 nobis
223 2377 429 2440 tradiderunt:
465 2377 515 2440 Ne
538 2389 648 2439 terreat
668 2397 764 2438 vanus
786 2388 929 2458 aspectus
945 2389 975 2438 et
989 2377 1054 2438 auri

116 2480 215 2564 fulgor
229 2492 320 2562 atque
336 2479 462 2561 argenti,
478 2478 560 2561 quod
581 2499 681 2560 neque
702 2478 777 2560 tegit
791 2498 890 2560 neque
905 2478 1053 2539 vulnerat.

117 2581 152 2644 ln
182 2583 251 2661 ipsa
284 2581 420 2642 hostium
453 2581 519 2642 acie
548 2580 739 2642 inveniemus
771 2591 889 2640 nostras
924 2598 1054 2640 manus:

116 2695 285 2767 agnoscent
322 2680 459 2744 Britanni
499 2702 588 2744 suam
624 2700 774 2742 causam:
819 2677 1056 2739 recordabuntur

120 2783 204 2845 Gallr
231 2783 363 2868 priorem
385 2781 576 2843 libertatem:
606 2781 748 2842 deserent
773 2777 841 2839 illos
864 2778 957 2838 ceteri
980 2775 1057 2837 Ger·

117 2885 211 2959 mani,
227 2897 373 2965 tanquam
394 2903 500 2963 nuper.
515 2880 834 2965 Usipiireliquerunt.
879 2875 948 2939 Nec
971 2877 1058 2960 quid-

118 3007 212 3068 quam
255 2984 335 3047 ultra
378 2982 571 3046 formidinis:
625 3003 723 3044 vacua
770 2979 904 3054 castella,
950 3001 1057 3055 senum

118 3086 267 3160 coloniae,
298 3087 376 3148 inter
411 3084 491 3146 male
526 3096 666 3163 parentes
696 3095 726 3145 ct
761 3082 872 3165 injuste
908 3082 1058 3165 imperan-

119 3201 167 3250 tes
196 3208 289 3269 aegra
317 3186 485 3265 municipia
513 3197 543 3246 ct
571 3183 795 3246 discordantia:
829 3182 879 3245 hic
908 3182 979 3255 dux,
1010 3181 1059 3242 hic

118 3289 292 3361 exercitus:
323 3287 365 3349 ibr
389 3287 501 3348 tributa
524 3298 554 3348 ct
579 3284 703 3347 metalla
725 3296 756 3345 et
781 3295 901 3344 ceterae
929 3281 1059 3341 servien·

119 3391 197 3452 tium
219 3408 360 3470 poenae:
383 3408 461 3468 quas
484 3387 514 3448 in
539 3398 697 3448 aeternum
722 3381 855 3462 perferre
881 3392 934 3441 aut
959 3380 1059 3442 statim

120 3491 225 3552 ulcisci
250 3492 282 3552 in
305 3488 364 3551 hoc
384 3509 494 3570 campo
517 3499 573 3549 est.
618 3484 750 3546 Proinde
773 3483 843 3544 ituri
866 3483 896 3544 in
918 3481 1017 3542 aciem
1032 3492 1061 3542 ct

121 3591 249 3674 majores
264 3603 384 3652 vestros
400 3600 430 3650 et
443 3601 581 3670 posteros
603 3583 764 3668 cogitate.”

161 3687 308 3752 XXXIII.
333 3687 494 3769 Excepere
521 3689 685 3749 orationem
713 3686 839 3761 alacres,
867 3697 900 3747 ut
927 3681 1062 3744 barbaris
