2552 4228
212 321 253 384 30
528 341 558 383 c.
582 341 678 384 coar.
703 341 840 383 nrcrrus

210 509 323 573 annum
334 510 457 572 quoque
472 489 576 570 ipsum
589 510 651 552 non
665 489 697 552 in
710 489 838 552 totidem
852 488 994 573 digerunt
1009 489 1131 571 species

210 587 309 653 hiems
325 601 355 653 et
368 611 422 653 ver
436 601 466 652 et
481 602 582 653 aestas
597 590 787 654 intellectum
802 611 839 653 ac
852 587 1004 653 vocabula
1018 590 1130 654 habent

130 693 137 707 ⁶
209 692 348 754 autumni
362 692 487 771 perinde
502 713 615 754 nomen
629 713 666 754 ac
679 679 760 753 bona
774 681 960 774 ignorantur.

252 790 391 855 XXVII.
415 789 572 856 Funerum
586 793 671 856 nulla
685 793 826 870 ambitio;
850 793 880 856 id
896 793 997 856 solum
1010 794 1150 858 observa·

209 906 267 971 tur,
282 905 317 957 ut
332 915 457 975 corpora
479 895 630 958 clarorum
645 895 778 958 virorum
800 895 892 956 certis
906 894 998 977 lignis
1013 917 1150 958 cremen-

208 1007 266 1058 tur.
305 995 430 1058 Struem
443 997 509 1079 rogi
524 1017 582 1059 nec
592 996 730 1059 vestibus
745 1017 803 1059 nec
816 995 960 1058 odoribus
975 997 1149 1060 cumulant:

209 1119 265 1160 sua
287 1099 399 1181 cuique
422 1119 515 1174 arma,
531 1096 722 1180 quorundam
744 1099 807 1181 igni
829 1109 861 1160 et
882 1119 980 1180 equus
1000 1099 1149 1182 adjicitur.

210 1198 396 1284 Sepulcrum
411 1221 539 1284 caespes
555 1200 663 1283 erigit;
690 1211 958 1262 monumentorum
973 1200 1106 1263 arduum
1121 1213 1149 1263 et

208 1322 372 1381 operosum
394 1300 550 1377 honorem,
560 1289 607 1363 ut.
614 1321 740 1383 gravem
761 1299 923 1376 defunctio,
940 1313 1149 1385 aspernantur.

209 1400 360 1466 Lamenta
402 1425 439 1466 ac
474 1403 616 1464 lacrimas
652 1404 722 1479 cito,
759 1401 896 1465 dolorem
923 1394 962 1464 'et
997 1403 1149 1466 tristitiam

210 1502 292 1565 tarde
320 1517 446 1583 ponunt.
490 1501 628 1564 Feminis
657 1503 763 1586 lugere
792 1502 956 1566 honestum
986 1516 1054 1580 est;
1078 1504 1149 1567 viris

208 1603 397 1665 meminisse.
455 1602 545 1666 Haec
578 1605 609 1665 in
644 1625 809 1667 commune
836 1603 875 1666 de
905 1605 1044 1667 omnium
1074 1605 1150 1668 Ger-

208 1725 378 1789 manorum)
398 1705 512 1788 origine
535 1726 572 1766 ac
593 1706 730 1768 moribus
753 1705 953 1787 accepimus:
983 1728 1067 1769 nunc
1090 1709 1150 1770 sin-

208 1804 351 1888 gularum
365 1807 504 1889 gentium
518 1806 656 1868 instituta
670 1807 818 1888 ritusque,
832 1817 983 1889 quatenus
999 1806 1148 1883 differant;

209 1928 287 1990 quae
308 1909 447 1971 nationes
463 1929 480 1971 e
497 1906 663 1972 Germania
683 1908 714 1970 in
730 1905 848 1970 Gallias
871 1908 1148 1990 commigraverint,

209 2010 380 2091 expediam.

251 2110 398 2175 XXVIII
438 2110 610 2174 Validiores
647 2113 721 2174 olim
758 2109 919 2174 Gallorum
953 2132 1004 2174 res
1041 2112 1149 2190 fuisse,

209 2234 350 2276 summus
380 2224 540 2275 auctorum
568 2211 658 2276 divus
687 2211 791 2276 Julius
813 2201 926 2276 tradit:
957 2234 1057 2298 eoque
1087 2237 1151 2278 cre·

209 2312 301 2376 dibile
328 2323 375 2375 est
400 2314 491 2376 etiam
519 2313 626 2376 Gallos
648 2314 680 2376 in
708 2313 906 2377 Germaniam
931 2327 1149 2399 transgressos.

210 2403 403 2488 Quantulum
438 2415 521 2478 enim
556 2416 654 2478 amnis
691 2415 839 2493 obstabat,
869 2438 931 2499 quo
966 2417 1079 2494 minus,
1117 2429 1151 2481 ut

209 2535 350 2600 quaeque
385 2536 462 2600 gens
499 2516 662 2594 evaluerat,
701 2529 864 2597 occuparet
902 2530 1151 2604 permutaretque

209 2615 309 2693 seder,
325 2619 516 2698 promiscuas
539 2618 640 2682 adhuc
662 2632 692 2682 et
713 2618 799 2682 nulla
826 2640 990 2702 regnorum
1016 2622 1151 2701 potentia

208 2717 345 2782 divisas?
389 2719 488 2804 Igitur
501 2721 579 2784 inter
594 2719 785 2806 Hercyniam
808 2718 925 2799 sylvam
941 2719 1151 2804 Rhenumque

137 2864 140 2873 =
209 2833 240 2883 et
262 2820 411 2884 Moenum
439 2843 546 2884 amnes
575 2820 722 2899 Helvetii,
753 2822 896 2884 ulteriora
925 2818 1004 2898 Boii,
1030 2820 1151 2887 Gallica

34 2931 37 2940 '
127 3003 129 3010 y
208 2934 337 3004 utraque
351 2944 438 3004 gens,
452 2933 589 2985 tenuere.
634 2921 740 2986 Manet
754 2923 855 2986 adhuc
869 2922 1013 2986 Bot'lremi
1026 2945 1149 3002 nomen,

209 3023 372 3105 signatque
404 3020 462 3084 loci
494 3029 632 3086 veterem
661 3025 851 3100 memoriam,
867 3025 1008 3108 quamvis
1024 3027 1149 3089 mutatis

208 3121 387 3186 cultoribus.
432 3120 496 3184 Sed
530 3135 634 3185 utrum
661 3124 803 3188 Aravisci
831 3127 863 3188 in
891 3124 1083 3189 Pannoniam
1111 3127 1149 3189 ab

209 3223 293 3301 Osis,
319 3222 545 3286 Germanorum
568 3224 699 3301 natione,
725 3247 764 3287 an
790 3225 847 3288 Osi
873 3228 911 3290 ab
934 3228 1091 3290 Araviscis
1118 3228 1149 3290 in

210 3325 412 3390 Germaniam
432 3326 708 3410 commigraverint,
733 3349 806 3390 cum
832 3328 941 3391 eodem
964 3328 1064 3391 adhuc
1087 3349 1148 3390 ser·

209 3447 309 3502 mone,
325 3429 480 3502 institutis
496 3429 632 3492 moribus
654 3442 786 3505 utantur,
803 3431 954 3494 incertum
976 3442 1044 3493 est:
1067 3430 1147 3512 quia,

208 3526 273 3604 pari
301 3526 374 3586 olim
399 3528 501 3605 iuopia
526 3549 563 3621 ac
584 3529 732 3620 libertate,
749 3529 858 3592 eadem
883 3532 1043 3614 utriusque
1065 3532 1147 3614 ripae

210 3625 287 3687 bona
302 3624 444 3706 malaque
469 3639 562 3688 erant.
606 3627 735 3691 Treveri
750 3641 781 3690 et
794 3627 827 3689 N
828 3630 911 3702 ervit,
924 3633 1006 3694 circa
1027 3632 1147 3696 affecta-

212 3741 326 3790 tionem
341 3723 544 3786 Germanicae
567 3727 691 3805 originis
714 3727 793 3788 ultro
815 3726 969 3792 ambitiosi
987 3745 1068 3808 sunt,
1084 3745 1149 3796 tan·
